@ARTICLE{knebe_etal11,
   author = {{Knebe}, A. and {Knollmann}, S.~R. and {Muldrew}, S.~I. and 
	{Pearce}, F.~R. and {Aragon-Calvo}, M.~A. and {Ascasibar}, Y. and 
	{Behroozi}, P.~S. and {Ceverino}, D. and {Colombi}, S. and {Diemand}, J. and 
	{Dolag}, K. and {Falck}, B.~L. and {Fasel}, P. and {Gardner}, J. and 
	{Gottl{\"o}ber}, S. and {Hsu}, C.-H. and {Iannuzzi}, F. and 
	{Klypin}, A. and {Luki{\'c}}, Z. and {Maciejewski}, M. and {McBride}, C. and 
	{Neyrinck}, M.~C. and {Planelles}, S. and {Potter}, D. and {Quilis}, V. and 
	{Rasera}, Y. and {Read}, J.~I. and {Ricker}, P.~M. and {Roy}, F. and 
	{Springel}, V. and {Stadel}, J. and {Stinson}, G. and {Sutter}, P.~M. and 
	{Turchaninov}, V. and {Tweed}, D. and {Yepes}, G. and {Zemp}, M.
	},
    title = "{Haloes gone MAD: The Halo-Finder Comparison Project}",
  journal = {\mnras},
archivePrefix = "arXiv",
   eprint = {1104.0949},
 keywords = {methods: numerical, galaxies: evolution, galaxies: haloes, cosmology: miscellaneous, cosmology: theory, dark matter},
     year = 2011,
    month = aug,
   volume = 415,
    pages = {2293-2318},
      doi = {10.1111/j.1365-2966.2011.18858.x},
   adsurl = {http://adsabs.harvard.edu/abs/2011MNRAS.415.2293K},
  adsnote = {Provided by the SAO/NASA Astrophysics Data System}
}

@ARTICLE{davis_etal85,
   author = {{Davis}, M. and {Efstathiou}, G. and {Frenk}, C.~S. and {White}, S.~D.~M.
	},
    title = "{The evolution of large-scale structure in a universe dominated by cold dark matter}",
  journal = {\apj},
 keywords = {Computational Astrophysics, Cosmology, Galactic Clusters, Galactic Evolution, Missing Mass (Astrophysics), Weak Interactions (Field Theory), Astronomical Models, Computerized Simulation, Correlation, Many Body Problem, Mass Distribution, Mass To Light Ratios, Matter (Physics), Radial Velocity, Red Shift},
     year = 1985,
    month = may,
   volume = 292,
    pages = {371-394},
      doi = {10.1086/163168},
   adsurl = {http://adsabs.harvard.edu/abs/1985ApJ...292..371D},
  adsnote = {Provided by the SAO/NASA Astrophysics Data System}
}

@ARTICLE{pace_etal10,
   author = {{Pace}, F. and {Waizmann}, J.-C. and {Bartelmann}, M.},
    title = "{Spherical collapse model in dark-energy cosmologies}",
  journal = {\mnras},
archivePrefix = "arXiv",
   eprint = {1005.0233},
 keywords = {methods: analytical, cosmology: theory, dark energy},
     year = 2010,
    month = aug,
   volume = 406,
    pages = {1865-1874},
      doi = {10.1111/j.1365-2966.2010.16841.x},
   adsurl = {http://adsabs.harvard.edu/abs/2010MNRAS.406.1865P},
  adsnote = {Provided by the SAO/NASA Astrophysics Data System}
}

@ARTICLE{mota_vandebruck04,
   author = {{Mota}, D.~F. and {van de Bruck}, C.},
    title = "{On the spherical collapse model in dark energy cosmologies}",
  journal = {\aap},
   eprint = {astro-ph/0401504},
 keywords = {cosmology: theory, cosmology: large-scale structure of Universe, cosmology: miscellaneous},
     year = 2004,
    month = jul,
   volume = 421,
    pages = {71-81},
      doi = {10.1051/0004-6361:20041090},
   adsurl = {http://adsabs.harvard.edu/abs/2004A%26A...421...71M},
  adsnote = {Provided by the SAO/NASA Astrophysics Data System}
}

@ARTICLE{ryden_gunn87,
   author = {{Ryden}, B.~S. and {Gunn}, J.~E.},
    title = "{Galaxy formation by gravitational collapse}",
  journal = {\apj},
 keywords = {Computational Astrophysics, Dark Matter, Galactic Evolution, Gravitational Collapse, Universe, Angular Momentum, Equations Of Motion, Velocity Distribution},
     year = 1987,
    month = jul,
   volume = 318,
    pages = {15-31},
      doi = {10.1086/165349},
   adsurl = {http://adsabs.harvard.edu/abs/1987ApJ...318...15R},
  adsnote = {Provided by the SAO/NASA Astrophysics Data System}
}

@ARTICLE{fillmore_goldreich84,
   author = {{Fillmore}, J.~A. and {Goldreich}, P.},
    title = "{Self-similar gravitational collapse in an expanding universe}",
  journal = {\apj},
 keywords = {Cosmology, Gravitational Collapse, Similarity Theorem, Universe, Asymptotic Properties, Numerical Integration, Particle Trajectories, Relativity, Symmetry},
     year = 1984,
    month = jun,
   volume = 281,
    pages = {1-8},
      doi = {10.1086/162070},
   adsurl = {http://adsabs.harvard.edu/abs/1984ApJ...281....1F},
  adsnote = {Provided by the SAO/NASA Astrophysics Data System}
}

@ARTICLE{gunn_gott72,
   author = {{Gunn}, J.~E. and {Gott}, III, J.~R.},
    title = "{On the Infall of Matter Into Clusters of Galaxies and Some Effects on Their Evolution}",
  journal = {\apj},
     year = 1972,
    month = aug,
   volume = 176,
    pages = {1},
      doi = {10.1086/151605},
   adsurl = {http://adsabs.harvard.edu/abs/1972ApJ...176....1G},
  adsnote = {Provided by the SAO/NASA Astrophysics Data System}
}

@ARTICLE{eke_etal96,
   author = {{Eke}, V.~R. and {Cole}, S. and {Frenk}, C.~S.},
    title = "{Cluster evolution as a diagnostic for Omega}",
  journal = {\mnras},
   eprint = {astro-ph/9601088},
     year = 1996,
    month = sep,
   volume = 282,
      doi = {10.1093/mnras/282.1.263},
   adsurl = {http://adsabs.harvard.edu/abs/1996MNRAS.282..263E},
  adsnote = {Provided by the SAO/NASA Astrophysics Data System}
}i

@ARTICLE{halotools,
   author = {{Hearin}, A. and {Campbell}, D. and {Tollerud}, E. and {Behroozi}, P. and 
	{Diemer}, B. and {Goldbaum}, N.~J. and {Jennings}, E. and {Leauthaud}, A. and 
	{Mao}, Y.-Y. and {More}, S. and {Parejko}, J. and {Sinha}, M. and 
	{Sipocz}, B. and {Zentner}, A.},
    title = "{High-Precision Forward Modeling of Large-Scale Structure: An open-source approach with Halotools}",
  journal = {ArXiv e-prints},
archivePrefix = "arXiv",
   eprint = {1606.04106},
 primaryClass = "astro-ph.IM",
 keywords = {Astrophysics - Instrumentation and Methods for Astrophysics, Astrophysics - Cosmology and Nongalactic Astrophysics, Astrophysics - Astrophysics of Galaxies},
     year = 2016,
    month = jun,
   adsurl = {http://adsabs.harvard.edu/abs/2016arXiv160604106H},
  adsnote = {Provided by the SAO/NASA Astrophysics Data System}
}

@Article{matplotlib,
  Author    = {Hunter, J. D.},
  Title     = {Matplotlib: A 2D graphics environment},
  Journal   = {Computing In Science \& Engineering},
  Volume    = {9},
  Number    = {3},
  Pages     = {90--95},
  abstract  = {Matplotlib is a 2D graphics package used for Python
  for application development, interactive scripting, and
  publication-quality image generation across user
  interfaces and operating systems.},
  publisher = {IEEE COMPUTER SOC},
  doi = {10.1109/MCSE.2007.55},
  year      = 2007
}

@ARTICLE{astropy,
   author = {{Astropy Collaboration} and {Robitaille}, T.~P. and {Tollerud}, E.~J. and 
	{Greenfield}, P. and {Droettboom}, M. and {Bray}, E. and {Aldcroft}, T. and 
	{Davis}, M. and {Ginsburg}, A. and {Price-Whelan}, A.~M. and 
	{Kerzendorf}, W.~E. and {Conley}, A. and {Crighton}, N. and 
	{Barbary}, K. and {Muna}, D. and {Ferguson}, H. and {Grollier}, F. and 
	{Parikh}, M.~M. and {Nair}, P.~H. and {Unther}, H.~M. and {Deil}, C. and 
	{Woillez}, J. and {Conseil}, S. and {Kramer}, R. and {Turner}, J.~E.~H. and 
	{Singer}, L. and {Fox}, R. and {Weaver}, B.~A. and {Zabalza}, V. and 
	{Edwards}, Z.~I. and {Azalee Bostroem}, K. and {Burke}, D.~J. and 
	{Casey}, A.~R. and {Crawford}, S.~M. and {Dencheva}, N. and 
	{Ely}, J. and {Jenness}, T. and {Labrie}, K. and {Lim}, P.~L. and 
	{Pierfederici}, F. and {Pontzen}, A. and {Ptak}, A. and {Refsdal}, B. and 
	{Servillat}, M. and {Streicher}, O.},
    title = "{Astropy: A community Python package for astronomy}",
  journal = {\aap},
archivePrefix = "arXiv",
   eprint = {1307.6212},
 primaryClass = "astro-ph.IM",
 keywords = {methods: data analysis, methods: miscellaneous, virtual observatory tools},
     year = 2013,
    month = oct,
   volume = 558,
      eid = {A33},
    pages = {A33},
      doi = {10.1051/0004-6361/201322068},
   adsurl = {http://adsabs.harvard.edu/abs/2013A%26A...558A..33A},
  adsnote = {Provided by the SAO/NASA Astrophysics Data System}
}

@ARTICLE{numpy,
 author = {Walt, Stefan van der and Colbert, S. Chris and Varoquaux, Gael},
 title = {The NumPy Array: A Structure for Efficient Numerical Computation},
 journal = {Computing in Science and Engg.},
 issue_date = {March 2011},
 volume = {13},
 number = {2},
 month = mar,
 year = {2011},
 issn = {1521-9615},
 pages = {22--30},
 numpages = {9},
 url = {http://dx.doi.org/10.1109/MCSE.2011.37},
 doi = {10.1109/MCSE.2011.37},
 acmid = {1957466},
 publisher = {IEEE Educational Activities Department},
 address = {Piscataway, NJ, USA},
 keywords = {NumPy, Python, Python, NumPy, scientific programming, numerical computations, programming libraries, numerical computations, programming libraries, scientific programming},
} 

@ARTICLE{sheth05,
   author = {{Sheth}, R.~K.},
    title = "{The halo-model description of marked statistics}",
  journal = {\mnras},
   eprint = {astro-ph/0511772},
 keywords = {galaxies: formation, galaxies: haloes, dark matter, large-scale structure of Universe},
     year = 2005,
    month = dec,
   volume = 364,
    pages = {796-806},
      doi = {10.1111/j.1365-2966.2005.09609.x},
   adsurl = {http://adsabs.harvard.edu/abs/2005MNRAS.364..796S},
  adsnote = {Provided by the SAO/NASA Astrophysics Data System}
}

@ARTICLE{zhao_etal09,
   author = {{Zhao}, D.~H. and {Jing}, Y.~P. and {Mo}, H.~J. and {B{\"o}rner}, G.
	},
    title = "{Accurate Universal Models for the Mass Accretion Histories and Concentrations of Dark Matter Halos}",
  journal = {\apj},
archivePrefix = "arXiv",
   eprint = {0811.0828},
 keywords = {cosmology: miscellaneous, galaxies: clusters: general, methods: numerical},
     year = 2009,
    month = dec,
   volume = 707,
    pages = {354-369},
      doi = {10.1088/0004-637X/707/1/354},
   adsurl = {http://adsabs.harvard.edu/abs/2009ApJ...707..354Z},
  adsnote = {Provided by the SAO/NASA Astrophysics Data System}
}

@ARTICLE{zhao_etal03,
   author = {{Zhao}, D.~H. and {Mo}, H.~J. and {Jing}, Y.~P. and {B{\"o}rner}, G.
	},
    title = "{The growth and structure of dark matter haloes}",
  journal = {\mnras},
   eprint = {astro-ph/0204108},
 keywords = {galaxies: clusters: general, galaxies: formation, cosmology: theory, dark matter, large-scale structure of Universe},
     year = 2003,
    month = feb,
   volume = 339,
    pages = {12-24},
      doi = {10.1046/j.1365-8711.2003.06135.x},
   adsurl = {http://adsabs.harvard.edu/abs/2003MNRAS.339...12Z},
  adsnote = {Provided by the SAO/NASA Astrophysics Data System}
}

@ARTICLE{wetzel_nagai15,
   author = {{Wetzel}, A.~R. and {Nagai}, D.},
    title = "{The Physical Nature of the Cosmic Accretion of Baryons and Dark Matter into Halos and Their Galaxies}",
  journal = {\apj},
archivePrefix = "arXiv",
   eprint = {1412.0662},
 keywords = {cosmology: theory, galaxies: evolution, galaxies: formation, galaxies: general, galaxies: halos, methods: numerical},
     year = 2015,
    month = jul,
   volume = 808,
      eid = {40},
    pages = {40},
      doi = {10.1088/0004-637X/808/1/40},
   adsurl = {http://adsabs.harvard.edu/abs/2015ApJ...808...40W},
  adsnote = {Provided by the SAO/NASA Astrophysics Data System}
}

@ARTICLE{wetzel_etal14,
   author = {{Wetzel}, A.~R. and {Tinker}, J.~L. and {Conroy}, C. and {van den Bosch}, F.~C.
	},
    title = "{Galaxy evolution near groups and clusters: ejected satellites and the spatial extent of environmental quenching}",
  journal = {\mnras},
archivePrefix = "arXiv",
   eprint = {1303.7231},
 primaryClass = "astro-ph.CO",
 keywords = {methods: numerical- galaxies: clusters: general, galaxies: evolution, galaxies: groups: general, galaxies: haloes, galaxies: star formation},
     year = 2014,
    month = apr,
   volume = 439,
    pages = {2687-2700},
      doi = {10.1093/mnras/stu122},
   adsurl = {http://adsabs.harvard.edu/abs/2014MNRAS.439.2687W},
  adsnote = {Provided by the SAO/NASA Astrophysics Data System}
}

@ARTICLE{diemer_kravtsov14,
   author = {{Diemer}, B. and {Kravtsov}, A.~V.},
    title = "{Dependence of the Outer Density Profiles of Halos on Their Mass Accretion Rate}",
  journal = {\apj},
archivePrefix = "arXiv",
   eprint = {1401.1216},
 keywords = {cosmology: theory, dark matter, methods: numerical},
     year = 2014,
    month = jul,
   volume = 789,
      eid = {1},
    pages = {1},
      doi = {10.1088/0004-637X/789/1/1},
   adsurl = {http://adsabs.harvard.edu/abs/2014ApJ...789....1D},
  adsnote = {Provided by the SAO/NASA Astrophysics Data System}
}

@ARTICLE{adhikari_etal14,
   author = {{Adhikari}, S. and {Dalal}, N. and {Chamberlain}, R.~T.},
    title = "{Splashback in accreting dark matter halos}",
  journal = {\jcap},
archivePrefix = "arXiv",
   eprint = {1409.4482},
     year = 2014,
    month = nov,
   volume = 11,
      eid = {019},
    pages = {019},
      doi = {10.1088/1475-7516/2014/11/019},
   adsurl = {http://adsabs.harvard.edu/abs/2014JCAP...11..019A},
  adsnote = {Provided by the SAO/NASA Astrophysics Data System}
}

@ARTICLE{chavesmontero_etal16,
   author = {{Chaves-Montero}, J. and {Angulo}, R.~E. and {Schaye}, J. and 
	{Schaller}, M. and {Crain}, R.~A. and {Furlong}, M. and {Theuns}, T.
	},
    title = "{Subhalo abundance matching and assembly bias in the EAGLE simulation}",
  journal = {\mnras},
archivePrefix = "arXiv",
   eprint = {1507.01948},
 keywords = {galaxies: evolution, galaxies: formation, galaxies: haloes, dark matter, large-scale structure of Universe},
     year = 2016,
    month = aug,
   volume = 460,
    pages = {3100-3118},
      doi = {10.1093/mnras/stw1225},
   adsurl = {http://adsabs.harvard.edu/abs/2016MNRAS.460.3100C},
  adsnote = {Provided by the SAO/NASA Astrophysics Data System}
}

@ARTICLE{warnick_etal08,
   author = {{Warnick}, K. and {Knebe}, A. and {Power}, C.},
    title = "{The tidal streams of disrupting subhaloes in cosmological dark matter haloes}",
  journal = {\mnras},
archivePrefix = "arXiv",
   eprint = {0801.3241},
 keywords = {methods: N-body simulations , galaxies: evolution , galaxies: haloes , cosmology: theory , dark matter},
     year = 2008,
    month = apr,
   volume = 385,
    pages = {1859-1883},
      doi = {10.1111/j.1365-2966.2008.12992.x},
   adsurl = {http://adsabs.harvard.edu/abs/2008MNRAS.385.1859W},
  adsnote = {Provided by the SAO/NASA Astrophysics Data System}
}

@ARTICLE{wang_etal07,
   author = {{Wang}, H.~Y. and {Mo}, H.~J. and {Jing}, Y.~P.},
    title = "{Environmental dependence of cold dark matter halo formation}",
  journal = {\mnras},
   eprint = {astro-ph/0608690},
 keywords = {methods: statistical , galaxies: haloes , dark matter , large-scale structure of Universe},
     year = 2007,
    month = feb,
   volume = 375,
    pages = {633-639},
      doi = {10.1111/j.1365-2966.2006.11316.x},
   adsurl = {http://adsabs.harvard.edu/abs/2007MNRAS.375..633W},
  adsnote = {Provided by the SAO/NASA Astrophysics Data System}
}

@ARTICLE{valluri_etal07,
   author = {{Valluri}, M. and {Vass}, I.~M. and {Kazantzidis}, S. and {Kravtsov}, A.~V. and 
	{Bohn}, C.~L.},
    title = "{On Relaxation Processes in Collisionless Mergers}",
  journal = {\apj},
   eprint = {astro-ph/0609612},
 keywords = {Cosmology: Theory, Cosmology: Dark Matter, Methods: Numerical},
     year = 2007,
    month = apr,
   volume = 658,
    pages = {731-747},
      doi = {10.1086/511298},
   adsurl = {http://adsabs.harvard.edu/abs/2007ApJ...658..731V},
  adsnote = {Provided by the SAO/NASA Astrophysics Data System}
}

@ARTICLE{zentner_etal14,
   author = {{Zentner}, A.~R. and {Hearin}, A.~P. and {van den Bosch}, F.~C.
	},
    title = "{Galaxy assembly bias: a significant source of systematic error in the galaxy-halo relationship}",
  journal = {\mnras},
archivePrefix = "arXiv",
   eprint = {1311.1818},
 keywords = {galaxies: evolution, galaxies: haloes, cosmology: theory, dark matter, large-scale structure of Universe},
     year = 2014,
    month = oct,
   volume = 443,
    pages = {3044-3067},
      doi = {10.1093/mnras/stu1383},
   adsurl = {http://adsabs.harvard.edu/abs/2014MNRAS.443.3044Z},
  adsnote = {Provided by the SAO/NASA Astrophysics Data System}
}

@ARTICLE{hearin_etal16,
   author = {{Hearin}, A.~P. and {Zentner}, A.~R. and {van den Bosch}, F.~C. and 
	{Campbell}, D. and {Tollerud}, E.},
    title = "{Introducing decorated HODs: modelling assembly bias in the galaxy-halo connection}",
  journal = {\mnras},
archivePrefix = "arXiv",
   eprint = {1512.03050},
     year = 2016,
    month = aug,
   volume = 460,
    pages = {2552-2570},
      doi = {10.1093/mnras/stw840},
   adsurl = {http://adsabs.harvard.edu/abs/2016MNRAS.460.2552H},
  adsnote = {Provided by the SAO/NASA Astrophysics Data System}
}

@BOOK{mo_etal10,
   author = {{Mo}, H. and {van den Bosch}, F.~C. and {White}, S.},
    title = "{Galaxy Formation and Evolution}",
booktitle = {Galaxy Formation and Evolution, by Houjun Mo , Frank van den Bosch , Simon White, Cambridge, UK: Cambridge University Press, 2010},
     year = 2010,
    month = may,
   adsurl = {http://adsabs.harvard.edu/abs/2010gfe..book.....M},
  adsnote = {Provided by the SAO/NASA Astrophysics Data System}
}

@ARTICLE{lacerna_padilla11,
   author = {{Lacerna}, I. and {Padilla}, N.},
    title = "{The nature of assembly bias - I. Clues from a {$\Lambda$}CDM cosmology}",
  journal = {\mnras},
archivePrefix = "arXiv",
   eprint = {1011.1498},
 primaryClass = "astro-ph.CO",
 keywords = {galaxies: formation, galaxies: statistics, cosmology: theory, dark matter, large-scale structure of Universe},
     year = 2011,
    month = apr,
   volume = 412,
    pages = {1283-1294},
      doi = {10.1111/j.1365-2966.2010.17988.x},
   adsurl = {http://adsabs.harvard.edu/abs/2011MNRAS.412.1283L},
  adsnote = {Provided by the SAO/NASA Astrophysics Data System}
}

@ARTICLE{moster_etal13,
   author = {{Moster}, B.~P. and {Naab}, T. and {White}, S.~D.~M.},
    title = "{Galactic star formation and accretion histories from matching galaxies to dark matter haloes}",
  journal = {\mnras},
archivePrefix = "arXiv",
   eprint = {1205.5807},
 keywords = {galaxies: evolution, galaxies: high-redshift, galaxies: statistics, galaxies: stellar content, cosmology: theory, dark matter},
     year = 2013,
    month = feb,
   volume = 428,
    pages = {3121-3138},
      doi = {10.1093/mnras/sts261},
   adsurl = {http://adsabs.harvard.edu/abs/2013MNRAS.428.3121M},
  adsnote = {Provided by the SAO/NASA Astrophysics Data System}
}

@ARTICLE{behroozi_etal13b,
   author = {{Behroozi}, P.~S. and {Wechsler}, R.~H. and {Conroy}, C.},
    title = "{The Average Star Formation Histories of Galaxies in Dark Matter Halos from z = 0-8}",
  journal = {\apj},
archivePrefix = "arXiv",
   eprint = {1207.6105},
 primaryClass = "astro-ph.CO",
 keywords = {dark matter, galaxies: abundances, galaxies: evolution, methods: numerical},
     year = 2013,
    month = jun,
   volume = 770,
      eid = {57},
    pages = {57},
      doi = {10.1088/0004-637X/770/1/57},
   adsurl = {http://adsabs.harvard.edu/abs/2013ApJ...770...57B},
  adsnote = {Provided by the SAO/NASA Astrophysics Data System}
}

@ARTICLE{li_etal08,
   author = {{Li}, Y. and {Mo}, H.~J. and {Gao}, L.},
    title = "{On halo formation times and assembly bias}",
  journal = {\mnras},
archivePrefix = "arXiv",
   eprint = {0803.2250},
 keywords = {galaxies: formation , galaxies: haloes , cosmology: theory , dark matter},
     year = 2008,
    month = sep,
   volume = 389,
    pages = {1419-1426},
      doi = {10.1111/j.1365-2966.2008.13667.x},
   adsurl = {http://adsabs.harvard.edu/abs/2008MNRAS.389.1419L},
  adsnote = {Provided by the SAO/NASA Astrophysics Data System}
}

@ARTICLE{hahn_etal07b,
   author = {{Hahn}, O. and {Carollo}, C.~M. and {Porciani}, C. and {Dekel}, A.
	},
    title = "{The evolution of dark matter halo properties in clusters, filaments, sheets and voids}",
  journal = {\mnras},
archivePrefix = "arXiv",
   eprint = {0704.2595},
 keywords = {methods: N-body simulations, galaxies: haloes, cosmology: theory, dark matter, large-scale structure of Universe},
     year = 2007,
    month = oct,
   volume = 381,
    pages = {41-51},
      doi = {10.1111/j.1365-2966.2007.12249.x},
   adsurl = {http://adsabs.harvard.edu/abs/2007MNRAS.381...41H},
  adsnote = {Provided by the SAO/NASA Astrophysics Data System}
}

@ARTICLE{hahn_etal07a,
   author = {{Hahn}, O. and {Porciani}, C. and {Carollo}, C.~M. and {Dekel}, A.
	},
    title = "{Properties of dark matter haloes in clusters, filaments, sheets and voids}",
  journal = {\mnras},
   eprint = {astro-ph/0610280},
 keywords = {methods: N-body simulations , galaxies: haloes , cosmology: theory , dark matter , large-scale structure of Universe},
     year = 2007,
    month = feb,
   volume = 375,
    pages = {489-499},
      doi = {10.1111/j.1365-2966.2006.11318.x},
   adsurl = {http://adsabs.harvard.edu/abs/2007MNRAS.375..489H},
  adsnote = {Provided by the SAO/NASA Astrophysics Data System}
}

@ARTICLE{faltenbacher_white10,
   author = {{Faltenbacher}, A. and {White}, S.~D.~M.},
    title = "{Assembly Bias and the Dynamical Structure of Dark Matter Halos}",
  journal = {\apj},
archivePrefix = "arXiv",
   eprint = {0909.4302},
 keywords = {cosmology: theory, dark matter, methods: N-body simulations},
     year = 2010,
    month = jan,
   volume = 708,
    pages = {469-473},
      doi = {10.1088/0004-637X/708/1/469},
   adsurl = {http://adsabs.harvard.edu/abs/2010ApJ...708..469F},
  adsnote = {Provided by the SAO/NASA Astrophysics Data System}
}

@ARTICLE{bett_etal06,
   author = {{Bett}, P. and {Eke}, V. and {Frenk}, C.~S. and {Jenkins}, A. and 
	{Helly}, J. and {Navarro}, J.},
    title = "{The spin and shape of dark matter haloes in the Millennium simulation of a {$\Lambda$} cold dark matter universe}",
  journal = {\mnras},
   eprint = {astro-ph/0608607},
 keywords = {methods: N-body simulations, galaxies: haloes, dark matter},
     year = 2007,
    month = mar,
   volume = 376,
    pages = {215-232},
      doi = {10.1111/j.1365-2966.2007.11432.x},
   adsurl = {http://adsabs.harvard.edu/abs/2007MNRAS.376..215B},
  adsnote = {Provided by the SAO/NASA Astrophysics Data System}
}

@ARTICLE{fisher_faltenbacher16,
   author = {{Fisher}, J.~D. and {Faltenbacher}, A.},
    title = "{Cosmic Web Type Dependence of Halo Clustering}",
  journal = {ArXiv e-prints},
archivePrefix = "arXiv",
   eprint = {1603.06955},
 keywords = {Astrophysics - Cosmology and Nongalactic Astrophysics},
     year = 2016,
    month = mar,
   adsurl = {http://adsabs.harvard.edu/abs/2016arXiv160306955F},
  adsnote = {Provided by the SAO/NASA Astrophysics Data System}
}

@ARTICLE{vandaalen_etal12,
   author = {{van Daalen}, M.~P. and {Angulo}, R.~E. and {White}, S.~D.~M.
	},
    title = "{The effects of halo alignment and shape on the clustering of galaxies}",
  journal = {\mnras},
archivePrefix = "arXiv",
   eprint = {1203.5335},
 keywords = {cosmology: theory, large-scale structure of Universe },
     year = 2012,
    month = aug,
   volume = 424,
    pages = {2954-2960},
      doi = {10.1111/j.1365-2966.2012.21437.x},
   adsurl = {http://adsabs.harvard.edu/abs/2012MNRAS.424.2954V},
  adsnote = {Provided by the SAO/NASA Astrophysics Data System}
}

@ARTICLE{croton_etal07,
   author = {{Croton}, D.~J. and {Gao}, L. and {White}, S.~D.~M.},
    title = "{Halo assembly bias and its effects on galaxy clustering}",
  journal = {\mnras},
   eprint = {astro-ph/0605636},
 keywords = {galaxies: evolution, galaxies: statistics, cosmology: theory., large-scale structure of Universe},
     year = 2007,
    month = feb,
   volume = 374,
    pages = {1303-1309},
      doi = {10.1111/j.1365-2966.2006.11230.x},
   adsurl = {http://adsabs.harvard.edu/abs/2007MNRAS.374.1303C},
  adsnote = {Provided by the SAO/NASA Astrophysics Data System}
}

@ARTICLE{gao_white07,
   author = {{Gao}, L. and {White}, S.~D.~M.},
    title = "{Assembly bias in the clustering of dark matter haloes}",
  journal = {\mnras},
   eprint = {astro-ph/0611921},
 keywords = {methods: N-body simulations, methods: numerical, galaxies: haloes, galaxies: clustering, dark matter},
     year = 2007,
    month = apr,
   volume = 377,
    pages = {L5-L9},
      doi = {10.1111/j.1745-3933.2007.00292.x},
   adsurl = {http://adsabs.harvard.edu/abs/2007MNRAS.377L...5G},
  adsnote = {Provided by the SAO/NASA Astrophysics Data System}
}

@ARTICLE{zu_mandelbaum15b,
   author = {{Zu}, Y. and {Mandelbaum}, R.},
    title = "{Mapping stellar content to dark matter haloes using galaxy clustering and galaxy-galaxy lensing in the SDSS DR7}",
  journal = {\mnras},
archivePrefix = "arXiv",
   eprint = {1505.02781},
 keywords = {gravitational lensing: weak, methods: statistical, galaxies: luminosity function, mass function, cosmology: observations, large-scale structure of Universe},
     year = 2015,
    month = dec,
   volume = 454,
    pages = {1161-1191},
      doi = {10.1093/mnras/stv2062},
   adsurl = {http://adsabs.harvard.edu/abs/2015MNRAS.454.1161Z},
  adsnote = {Provided by the SAO/NASA Astrophysics Data System}
}

@ARTICLE{guo_etal14,
   author = {{Guo}, H. and {Zheng}, Z. and {Zehavi}, I. and {Xu}, H. and 
	{Eisenstein}, D.~J. and {Weinberg}, D.~H. and {Bahcall}, N.~A. and 
	{Berlind}, A.~A. and {Comparat}, J. and {McBride}, C.~K. and 
	{Ross}, A.~J. and {Schneider}, D.~P. and {Skibba}, R.~A. and 
	{Swanson}, M.~E.~C. and {Tinker}, J.~L. and {Tojeiro}, R. and 
	{Wake}, D.~A.},
    title = "{The clustering of galaxies in the SDSS-III Baryon Oscillation Spectroscopic Survey: modelling of the luminosity and colour dependence in the Data Release 10}",
  journal = {\mnras},
archivePrefix = "arXiv",
   eprint = {1401.3009},
 keywords = {galaxies: distances and redshifts, galaxies: haloes, galaxies: statistics, cosmology: observations, cosmology: theory, large-scale structure of Universe},
     year = 2014,
    month = jul,
   volume = 441,
    pages = {2398-2413},
      doi = {10.1093/mnras/stu763},
   adsurl = {http://adsabs.harvard.edu/abs/2014MNRAS.441.2398G},
  adsnote = {Provided by the SAO/NASA Astrophysics Data System}
}

@ARTICLE{more_etal13,
   author = {{More}, S. and {van den Bosch}, F.~C. and {Cacciato}, M. and 
	{More}, A. and {Mo}, H. and {Yang}, X.},
    title = "{Cosmological constraints from a combination of galaxy clustering and lensing - II. Fisher matrix analysis}",
  journal = {\mnras},
archivePrefix = "arXiv",
   eprint = {1207.0004},
 keywords = {methods: statistical, galaxies: haloes, galaxies: structure, cosmological parameters, dark energy, dark matter},
     year = 2013,
    month = apr,
   volume = 430,
    pages = {747-766},
      doi = {10.1093/mnras/sts697},
   adsurl = {http://adsabs.harvard.edu/abs/2013MNRAS.430..747M},
  adsnote = {Provided by the SAO/NASA Astrophysics Data System}
}

@ARTICLE{cacciato_etal13,
   author = {{Cacciato}, M. and {van den Bosch}, F.~C. and {More}, S. and 
	{Mo}, H. and {Yang}, X.},
    title = "{Cosmological constraints from a combination of galaxy clustering and lensing - III. Application to SDSS data}",
  journal = {\mnras},
archivePrefix = "arXiv",
   eprint = {1207.0503},
 keywords = {gravitational lensing: weak, methods: statistical, galaxies: haloes, cosmological parameters, dark matter, large-scale structure of Universe},
     year = 2013,
    month = apr,
   volume = 430,
    pages = {767-786},
      doi = {10.1093/mnras/sts525},
   adsurl = {http://adsabs.harvard.edu/abs/2013MNRAS.430..767C},
  adsnote = {Provided by the SAO/NASA Astrophysics Data System}
}

@ARTICLE{tinker_etal13,
   author = {{Tinker}, J.~L. and {Leauthaud}, A. and {Bundy}, K. and {George}, M.~R. and 
	{Behroozi}, P. and {Massey}, R. and {Rhodes}, J. and {Wechsler}, R.~H.
	},
    title = "{Evolution of the Stellar-to-dark Matter Relation: Separating Star-forming and Passive Galaxies from z = 1 to 0}",
  journal = {\apj},
archivePrefix = "arXiv",
   eprint = {1308.2974},
 keywords = {cosmology: observations, galaxies: evolution, galaxies: halos},
     year = 2013,
    month = dec,
   volume = 778,
      eid = {93},
    pages = {93},
      doi = {10.1088/0004-637X/778/2/93},
   adsurl = {http://adsabs.harvard.edu/abs/2013ApJ...778...93T},
  adsnote = {Provided by the SAO/NASA Astrophysics Data System}
}

@ARTICLE{rodriguezpuebla_etal12,
   author = {{Rodr{\'{\i}}guez-Puebla}, A. and {Drory}, N. and {Avila-Reese}, V.
	},
    title = "{The Stellar-Subhalo Mass Relation of Satellite Galaxies}",
  journal = {\apj},
archivePrefix = "arXiv",
   eprint = {1204.0804},
 keywords = {dark matter, galaxies: abundances, galaxies: evolution, galaxies: halos, galaxies: luminosity function, mass function, galaxies: statistics},
     year = 2012,
    month = sep,
   volume = 756,
      eid = {2},
    pages = {2},
      doi = {10.1088/0004-637X/756/1/2},
   adsurl = {http://adsabs.harvard.edu/abs/2012ApJ...756....2R},
  adsnote = {Provided by the SAO/NASA Astrophysics Data System}
}

@ARTICLE{leauthaud_etal12,
   author = {{Leauthaud}, A. and {Tinker}, J. and {Bundy}, K. and {Behroozi}, P.~S. and 
	{Massey}, R. and {Rhodes}, J. and {George}, M.~R. and {Kneib}, J.-P. and 
	{Benson}, A. and {Wechsler}, R.~H. and {Busha}, M.~T. and {Capak}, P. and 
	{Cort{\^e}s}, M. and {Ilbert}, O. and {Koekemoer}, A.~M. and 
	{Le F{\`e}vre}, O. and {Lilly}, S. and {McCracken}, H.~J. and 
	{Salvato}, M. and {Schrabback}, T. and {Scoville}, N. and {Smith}, T. and 
	{Taylor}, J.~E.},
    title = "{New Constraints on the Evolution of the Stellar-to-dark Matter Connection: A Combined Analysis of Galaxy-Galaxy Lensing, Clustering, and Stellar Mass Functions from z = 0.2 to z =1}",
  journal = {\apj},
archivePrefix = "arXiv",
   eprint = {1104.0928},
 keywords = {dark matter, galaxies: evolution, galaxies: formation, galaxies: luminosity function, mass function, galaxies: stellar content, gravitational lensing: weak},
     year = 2012,
    month = jan,
   volume = 744,
      eid = {159},
    pages = {159},
      doi = {10.1088/0004-637X/744/2/159},
   adsurl = {http://adsabs.harvard.edu/abs/2012ApJ...744..159L},
  adsnote = {Provided by the SAO/NASA Astrophysics Data System}
}

@ARTICLE{porciani_norberg06,
   author = {{Porciani}, C. and {Norberg}, P.},
    title = "{Luminosity- and redshift-dependent quasar clustering}",
  journal = {\mnras},
   eprint = {astro-ph/0607348},
 keywords = {galaxies: active: quasars: general: cosmology: observations: cosmology: theory: large-scale structure of Universe, galaxies: active, quasars: general, cosmology: observations, cosmology: theory, large-scale structure of Universe},
     year = 2006,
    month = oct,
   volume = 371,
    pages = {1824-1834},
      doi = {10.1111/j.1365-2966.2006.10813.x},
   adsurl = {http://adsabs.harvard.edu/abs/2006MNRAS.371.1824P},
  adsnote = {Provided by the SAO/NASA Astrophysics Data System}
}

@ARTICLE{yang_etal12,
   author = {{Yang}, X. and {Mo}, H.~J. and {van den Bosch}, F.~C. and {Zhang}, Y. and 
	{Han}, J.},
    title = "{Evolution of the Galaxy-Dark Matter Connection and the Assembly of Galaxies in Dark Matter Halos}",
  journal = {\apj},
archivePrefix = "arXiv",
   eprint = {1110.1420},
 keywords = {dark matter, galaxies: halos, large-scale structure of universe},
     year = 2012,
    month = jun,
   volume = 752,
      eid = {41},
    pages = {41},
      doi = {10.1088/0004-637X/752/1/41},
   adsurl = {http://adsabs.harvard.edu/abs/2012ApJ...752...41Y},
  adsnote = {Provided by the SAO/NASA Astrophysics Data System}
}

@ARTICLE{yang_etal11a,
   author = {{Yang}, X. and {Mo}, H.~J. and {Zhang}, Y. and {van den Bosch}, F.~C.
	},
    title = "{An Analytical Model for the Accretion of Dark Matter Subhalos}",
  journal = {\apj},
archivePrefix = "arXiv",
   eprint = {1104.1757},
 keywords = {dark matter, galaxies: formation, galaxies: halos},
     year = 2011,
    month = nov,
   volume = 741,
      eid = {13},
    pages = {13},
      doi = {10.1088/0004-637X/741/1/13},
   adsurl = {http://adsabs.harvard.edu/abs/2011ApJ...741...13Y},
  adsnote = {Provided by the SAO/NASA Astrophysics Data System}
}

@ARTICLE{wake_etal11,
   author = {{Wake}, D.~A. and {Whitaker}, K.~E. and {Labb{\'e}}, I. and 
	{van Dokkum}, P.~G. and {Franx}, M. and {Quadri}, R. and {Brammer}, G. and 
	{Kriek}, M. and {Lundgren}, B.~F. and {Marchesini}, D. and {Muzzin}, A.
	},
    title = "{Galaxy Clustering in the NEWFIRM Medium Band Survey: The Relationship Between Stellar Mass and Dark Matter Halo Mass at 1 $\lt$ z $\lt$ 2}",
  journal = {\apj},
archivePrefix = "arXiv",
   eprint = {1012.1317},
 keywords = {cosmology: observations, galaxies: evolution, galaxies: formation, galaxies: halos, large-scale structure of universe},
     year = 2011,
    month = feb,
   volume = 728,
      eid = {46},
    pages = {46},
      doi = {10.1088/0004-637X/728/1/46},
   adsurl = {http://adsabs.harvard.edu/abs/2011ApJ...728...46W},
  adsnote = {Provided by the SAO/NASA Astrophysics Data System}
}

@ARTICLE{guo_etal11a,
   author = {{Guo}, Q. and {White}, S. and {Boylan-Kolchin}, M. and {De Lucia}, G. and 
	{Kauffmann}, G. and {Lemson}, G. and {Li}, C. and {Springel}, V. and 
	{Weinmann}, S.},
    title = "{From dwarf spheroidals to cD galaxies: simulating the galaxy population in a {$\Lambda$}CDM cosmology}",
  journal = {\mnras},
archivePrefix = "arXiv",
   eprint = {1006.0106},
 keywords = {galaxies: haloes, galaxies: luminosity function, mass function, cosmology: theory, dark matter, large-scale structure of Universe},
     year = 2011,
    month = may,
   volume = 413,
    pages = {101-131},
      doi = {10.1111/j.1365-2966.2010.18114.x},
   adsurl = {http://adsabs.harvard.edu/abs/2011MNRAS.413..101G},
  adsnote = {Provided by the SAO/NASA Astrophysics Data System}
}

@ARTICLE{zehavi_etal11,
   author = {{Zehavi}, I. and {Zheng}, Z. and {Weinberg}, D.~H. and {Blanton}, M.~R. and 
	{Bahcall}, N.~A. and {Berlind}, A.~A. and {Brinkmann}, J. and 
	{Frieman}, J.~A. and {Gunn}, J.~E. and {Lupton}, R.~H. and {Nichol}, R.~C. and 
	{Percival}, W.~J. and {Schneider}, D.~P. and {Skibba}, R.~A. and 
	{Strauss}, M.~A. and {Tegmark}, M. and {York}, D.~G.},
    title = "{Galaxy Clustering in the Completed SDSS Redshift Survey: The Dependence on Color and Luminosity}",
  journal = {\apj},
archivePrefix = "arXiv",
   eprint = {1005.2413},
 keywords = {cosmology: observations, cosmology: theory, galaxies: distances and redshifts, galaxies: halos, galaxies: statistics, large-scale structure of universe},
     year = 2011,
    month = jul,
   volume = 736,
      eid = {59},
    pages = {59},
      doi = {10.1088/0004-637X/736/1/59},
   adsurl = {http://adsabs.harvard.edu/abs/2011ApJ...736...59Z},
  adsnote = {Provided by the SAO/NASA Astrophysics Data System}
}

@ARTICLE{yang_etal09b,
   author = {{Yang}, X. and {Mo}, H.~J. and {van den Bosch}, F.~C.},
    title = "{Galaxy Groups in the SDSS DR4. III. The Luminosity and Stellar Mass Functions}",
  journal = {\apj},
archivePrefix = "arXiv",
   eprint = {0808.0539},
 keywords = {dark matter, galaxies: halos, large-scale structure of universe, methods: statistical},
     year = 2009,
    month = apr,
   volume = 695,
    pages = {900-916},
      doi = {10.1088/0004-637X/695/2/900},
   adsurl = {http://adsabs.harvard.edu/abs/2009ApJ...695..900Y},
  adsnote = {Provided by the SAO/NASA Astrophysics Data System}
}

@ARTICLE{conroy_wechsler09,
   author = {{Conroy}, C. and {Wechsler}, R.~H.},
    title = "{Connecting Galaxies, Halos, and Star Formation Rates Across Cosmic Time}",
  journal = {\apj},
archivePrefix = "arXiv",
   eprint = {0805.3346},
 keywords = {cosmology: theory, dark matter, galaxies: formation, galaxies: halos, large-scale structure of universe},
     year = 2009,
    month = may,
   volume = 696,
    pages = {620-635},
      doi = {10.1088/0004-637X/696/1/620},
   adsurl = {http://adsabs.harvard.edu/abs/2009ApJ...696..620C},
  adsnote = {Provided by the SAO/NASA Astrophysics Data System}
}

@ARTICLE{zheng_etal07,
   author = {{Zheng}, Z. and {Coil}, A.~L. and {Zehavi}, I.},
    title = "{Galaxy Evolution from Halo Occupation Distribution Modeling of DEEP2 and SDSS Galaxy Clustering}",
  journal = {\apj},
   eprint = {astro-ph/0703457},
 keywords = {Cosmology: Observations, Galaxies: Distances and Redshifts, Galaxies: Evolution, Galaxies: Halos, Galaxies: Statistics, Cosmology: Large-Scale Structure of Universe},
     year = 2007,
    month = oct,
   volume = 667,
    pages = {760-779},
      doi = {10.1086/521074},
   adsurl = {http://adsabs.harvard.edu/abs/2007ApJ...667..760Z},
  adsnote = {Provided by the SAO/NASA Astrophysics Data System}
}

@ARTICLE{vdbosch_etal07,
   author = {{van den Bosch}, F.~C. and {Yang}, X. and {Mo}, H.~J. and {Weinmann}, S.~M. and 
	{Macci{\`o}}, A.~V. and {More}, S. and {Cacciato}, M. and {Skibba}, R. and 
	{Kang}, X.},
    title = "{Towards a concordant model of halo occupation statistics}",
  journal = {\mnras},
   eprint = {astro-ph/0610686},
 keywords = {methods: statistical, galaxies: formation, galaxies: fundamental parameters, galaxies: haloes, cosmological parameters, dark matter},
     year = 2007,
    month = apr,
   volume = 376,
    pages = {841-860},
      doi = {10.1111/j.1365-2966.2007.11493.x},
   adsurl = {http://adsabs.harvard.edu/abs/2007MNRAS.376..841V},
  adsnote = {Provided by the SAO/NASA Astrophysics Data System}
}

@ARTICLE{zehavi_etal05b,
   author = {{Zehavi}, I. and {Zheng}, Z. and {Weinberg}, D.~H. and {Frieman}, J.~A. and 
	{Berlind}, A.~A. and {Blanton}, M.~R. and {Scoccimarro}, R. and 
	{Sheth}, R.~K. and {Strauss}, M.~A. and {Kayo}, I. and {Suto}, Y. and 
	{Fukugita}, M. and {Nakamura}, O. and {Bahcall}, N.~A. and {Brinkmann}, J. and 
	{Gunn}, J.~E. and {Hennessy}, G.~S. and {Ivezi{\'c}}, {\v Z}. and 
	{Knapp}, G.~R. and {Loveday}, J. and {Meiksin}, A. and {Schlegel}, D.~J. and 
	{Schneider}, D.~P. and {Szapudi}, I. and {Tegmark}, M. and {Vogeley}, M.~S. and 
	{York}, D.~G. and {SDSS Collaboration}},
    title = "{The Luminosity and Color Dependence of the Galaxy Correlation Function}",
  journal = {\apj},
   eprint = {astro-ph/0408569},
 keywords = {Cosmology: Observations, Cosmology: Theory, Galaxies: Distances and Redshifts, Galaxies: Halos, Galaxies: Statistics, Cosmology: Large-Scale Structure of Universe},
     year = 2005,
    month = sep,
   volume = 630,
    pages = {1-27},
      doi = {10.1086/431891},
   adsurl = {http://adsabs.harvard.edu/abs/2005ApJ...630....1Z},
  adsnote = {Provided by the SAO/NASA Astrophysics Data System}
}

@ARTICLE{tinker_etal05,
   author = {{Tinker}, J.~L. and {Weinberg}, D.~H. and {Zheng}, Z. and {Zehavi}, I.
	},
    title = "{On the Mass-to-Light Ratio of Large-Scale Structure}",
  journal = {\apj},
   eprint = {astro-ph/0411777},
 keywords = {Cosmology: Observations, Cosmology: Theory, Galaxies: Clusters: General, Cosmology: Large-Scale Structure of Universe},
     year = 2005,
    month = sep,
   volume = 631,
    pages = {41-58},
      doi = {10.1086/432084},
   adsurl = {http://adsabs.harvard.edu/abs/2005ApJ...631...41T},
  adsnote = {Provided by the SAO/NASA Astrophysics Data System}
}

@ARTICLE{yang_etal03,
   author = {{Yang}, X. and {Mo}, H.~J. and {van den Bosch}, F.~C.},
    title = "{Constraining galaxy formation and cosmology with the conditional luminosity function of galaxies}",
  journal = {\mnras},
   eprint = {astro-ph/0207019},
 keywords = {galaxies: clusters: general, galaxies: formation, cosmology: theory, dark matter, large-scale structure of Universe},
     year = 2003,
    month = mar,
   volume = 339,
    pages = {1057-1080},
      doi = {10.1046/j.1365-8711.2003.06254.x},
   adsurl = {http://adsabs.harvard.edu/abs/2003MNRAS.339.1057Y},
  adsnote = {Provided by the SAO/NASA Astrophysics Data System}
}

@ARTICLE{despali_etal16,
   author = {{Despali}, G. and {Giocoli}, C. and {Bonamigo}, M. and {Limousin}, M. and 
	{Tormen}, G.},
    title = "{A look to the inside of haloes: a characterisation of the halo shape as a function of overdensity in the Planck cosmology}",
  journal = {ArXiv e-prints},
archivePrefix = "arXiv",
   eprint = {1605.04319},
 keywords = {Astrophysics - Cosmology and Nongalactic Astrophysics},
     year = 2016,
    month = may,
   adsurl = {http://adsabs.harvard.edu/abs/2016arXiv160504319D},
  adsnote = {Provided by the SAO/NASA Astrophysics Data System}
}

@ARTICLE{more_etal15,
   author = {{More}, S. and {Diemer}, B. and {Kravtsov}, A.~V.},
    title = "{The Splashback Radius as a Physical Halo Boundary and the Growth of Halo Mass}",
  journal = {\apj},
archivePrefix = "arXiv",
   eprint = {1504.05591},
 keywords = {cosmology: theory, dark matter, methods: numerical},
     year = 2015,
    month = sep,
   volume = 810,
      eid = {36},
    pages = {36},
      doi = {10.1088/0004-637X/810/1/36},
   adsurl = {http://adsabs.harvard.edu/abs/2015ApJ...810...36M},
  adsnote = {Provided by the SAO/NASA Astrophysics Data System}
}

@ARTICLE{sunayama_etal16,
   author = {{Sunayama}, T. and {Hearin}, A.~P. and {Padmanabhan}, N. and 
	{Leauthaud}, A.},
    title = "{The scale-dependence of halo assembly bias}",
  journal = {\mnras},
archivePrefix = "arXiv",
   eprint = {1509.06417},
 keywords = {galaxies: haloes, cosmology: theory, dark matter, large-scale structure of Universe},
     year = 2016,
    month = may,
   volume = 458,
    pages = {1510-1516},
      doi = {10.1093/mnras/stw332},
   adsurl = {http://adsabs.harvard.edu/abs/2016MNRAS.458.1510S},
  adsnote = {Provided by the SAO/NASA Astrophysics Data System}
}

@ARTICLE{mao_etal15,
   author = {{Mao}, Y.-Y. and {Williamson}, M. and {Wechsler}, R.~H.},
    title = "{The Dependence of Subhalo Abundance on Halo Concentration}",
  journal = {\apj},
archivePrefix = "arXiv",
   eprint = {1503.02637},
 keywords = {dark matter, galaxies: halos, methods: analytical, methods: numerical},
     year = 2015,
    month = sep,
   volume = 810,
      eid = {21},
    pages = {21},
      doi = {10.1088/0004-637X/810/1/21},
   adsurl = {http://adsabs.harvard.edu/abs/2015ApJ...810...21M},
  adsnote = {Provided by the SAO/NASA Astrophysics Data System}
}

@ARTICLE{zentner_etal05,
   author = {{Zentner}, A.~R. and {Berlind}, A.~A. and {Bullock}, J.~S. and 
	{Kravtsov}, A.~V. and {Wechsler}, R.~H.},
    title = "{The Physics of Galaxy Clustering. I. A Model for Subhalo Populations}",
  journal = {\apj},
   eprint = {astro-ph/0411586},
 keywords = {Cosmology: Theory, Cosmology: Dark Matter, Galaxies: Formation, Galaxies: Halos, Galaxies: Structure, Cosmology: Large-Scale Structure of Universe},
     year = 2005,
    month = may,
   volume = 624,
    pages = {505-525},
      doi = {10.1086/428898},
   adsurl = {http://adsabs.harvard.edu/abs/2005ApJ...624..505Z},
  adsnote = {Provided by the SAO/NASA Astrophysics Data System}
}

@ARTICLE{dalal_etal08,
   author = {{Dalal}, N. and {White}, M. and {Bond}, J.~R. and {Shirokov}, A.
	},
    title = "{Halo Assembly Bias in Hierarchical Structure Formation}",
  journal = {\apj},
archivePrefix = "arXiv",
   eprint = {0803.3453},
 keywords = {cosmology: theory, dark matter, large-scale structure of universe, methods: numerical },
     year = 2008,
    month = nov,
   volume = 687,
      eid = {12-21},
    pages = {12-21},
      doi = {10.1086/591512},
   adsurl = {http://adsabs.harvard.edu/abs/2008ApJ...687...12D},
  adsnote = {Provided by the SAO/NASA Astrophysics Data System}
}

@ARTICLE{allgood_etal06,
   author = {{Allgood}, B. and {Flores}, R.~A. and {Primack}, J.~R. and {Kravtsov}, A.~V. and 
	{Wechsler}, R.~H. and {Faltenbacher}, A. and {Bullock}, J.~S.
	},
    title = "{The shape of dark matter haloes: dependence on mass, redshift, radius and formation}",
  journal = {\mnras},
   eprint = {astro-ph/0508497},
 keywords = {galaxies: formation, galaxies: haloes, cosmology: theory, large-scale structure of Universe},
     year = 2006,
    month = apr,
   volume = 367,
    pages = {1781-1796},
      doi = {10.1111/j.1365-2966.2006.10094.x},
   adsurl = {http://adsabs.harvard.edu/abs/2006MNRAS.367.1781A},
  adsnote = {Provided by the SAO/NASA Astrophysics Data System}
}

@ARTICLE{wechsler_etal02,
   author = {{Wechsler}, R.~H. and {Bullock}, J.~S. and {Primack}, J.~R. and 
	{Kravtsov}, A.~V. and {Dekel}, A.},
    title = "{Concentrations of Dark Halos from Their Assembly Histories}",
  journal = {\apj},
   eprint = {astro-ph/0108151},
 keywords = {Cosmology: Theory, Cosmology: Dark Matter, Galaxies: Evolution, Galaxies: Formation, Galaxies: Halos, Galaxies: Structure},
     year = 2002,
    month = mar,
   volume = 568,
    pages = {52-70},
      doi = {10.1086/338765},
   adsurl = {http://adsabs.harvard.edu/abs/2002ApJ...568...52W},
  adsnote = {Provided by the SAO/NASA Astrophysics Data System}
}

@ARTICLE{blumenthal_etal84,
   author = {{Blumenthal}, G.~R. and {Faber}, S.~M. and {Primack}, J.~R. and 
	{Rees}, M.~J.},
    title = "{Formation of galaxies and large-scale structure with cold dark matter}",
  journal = {\nat},
 keywords = {Dark Matter, Galactic Evolution, Galactic Structure, Matter (Physics), Universe, Astronomical Models, Baryons, Galactic Clusters, Globular Clusters},
     year = 1984,
    month = oct,
   volume = 311,
    pages = {517-525},
      doi = {10.1038/311517a0},
   adsurl = {http://adsabs.harvard.edu/abs/1984Natur.311..517B},
  adsnote = {Provided by the SAO/NASA Astrophysics Data System}
}

@ARTICLE{diemer_kravtsov15,
   author = {{Diemer}, B. and {Kravtsov}, A.~V.},
    title = "{A Universal Model for Halo Concentrations}",
  journal = {\apj},
archivePrefix = "arXiv",
   eprint = {1407.4730},
 keywords = {cosmology: theory, dark matter, methods: numerical },
     year = 2015,
    month = jan,
   volume = 799,
      eid = {108},
    pages = {108},
      doi = {10.1088/0004-637X/799/1/108},
   adsurl = {http://adsabs.harvard.edu/abs/2015ApJ...799..108D},
  adsnote = {Provided by the SAO/NASA Astrophysics Data System}
}

@ARTICLE{peebles69,
   author = {{Peebles}, P.~J.~E.},
    title = "{Origin of the Angular Momentum of Galaxies}",
  journal = {\apj},
     year = 1969,
    month = feb,
   volume = 155,
    pages = {393},
      doi = {10.1086/149876},
   adsurl = {http://adsabs.harvard.edu/abs/1969ApJ...155..393P},
  adsnote = {Provided by the SAO/NASA Astrophysics Data System}
}

@ARTICLE{kazantzidis_etal06,
   author = {{Kazantzidis}, S. and {Zentner}, A.~R. and {Kravtsov}, A.~V.
	},
    title = "{The Robustness of Dark Matter Density Profiles in Dissipationless Mergers}",
  journal = {\apj},
   eprint = {astro-ph/0510583},
 keywords = {Cosmology: Theory, Cosmology: Dark Matter, Galaxies: Halos, Methods: n-Body Simulations},
     year = 2006,
    month = apr,
   volume = 641,
    pages = {647-664},
      doi = {10.1086/500579},
   adsurl = {http://adsabs.harvard.edu/abs/2006ApJ...641..647K},
  adsnote = {Provided by the SAO/NASA Astrophysics Data System}
}

@ARTICLE{dvorkin_rephaeli11,
   author = {{Dvorkin}, I. and {Rephaeli}, Y.},
    title = "{An expanded merger-tree description of cluster evolution}",
  journal = {\mnras},
archivePrefix = "arXiv",
   eprint = {1010.5714},
 primaryClass = "astro-ph.CO",
 keywords = {galaxies: clusters: general, large-scale structure of Universe},
     year = 2011,
    month = mar,
   volume = 412,
    pages = {665-674},
      doi = {10.1111/j.1365-2966.2010.17945.x},
   adsurl = {http://adsabs.harvard.edu/abs/2011MNRAS.412..665D},
  adsnote = {Provided by the SAO/NASA Astrophysics Data System}
}

@ARTICLE{velliscig_etal15,
   author = {{Velliscig}, M. and {Cacciato}, M. and {Schaye}, J. and {Bower}, R.~G. and 
	{Crain}, R.~A. and {van Daalen}, M.~P. and {Dalla Vecchia}, C. and 
	{Frenk}, C.~S. and {Furlong}, M. and {McCarthy}, I.~G. and {Schaller}, M. and 
	{Theuns}, T.},
    title = "{The alignment and shape of dark matter, stellar, and hot gas distributions in the EAGLE and cosmo-OWLS simulations}",
  journal = {ArXiv e-prints},
archivePrefix = "arXiv",
   eprint = {1504.04025},
 keywords = {Astrophysics - Astrophysics of Galaxies, Astrophysics - Cosmology and Nongalactic Astrophysics},
     year = 2015,
    month = apr,
   adsurl = {http://adsabs.harvard.edu/abs/2015arXiv150404025V},
  adsnote = {Provided by the SAO/NASA Astrophysics Data System}
}

@ARTICLE{gao_etal05,
   author = {{Gao}, L. and {White}, S.~D.~M. and {Jenkins}, A. and {Frenk}, C.~S. and 
	{Springel}, V.},
    title = "{Early structure in {$\Lambda$}CDM}",
  journal = {\mnras},
   eprint = {astro-ph/0503003},
 keywords = {methods: N-body simulations, methods: numerical, cosmology: theory, galaxies: haloes, dark matter, early Universe},
     year = 2005,
    month = oct,
   volume = 363,
    pages = {379-392},
      doi = {10.1111/j.1365-2966.2005.09509.x},
   adsurl = {http://adsabs.harvard.edu/abs/2005MNRAS.363..379G},
  adsnote = {Provided by the SAO/NASA Astrophysics Data System}
}

@ARTICLE{gilmarin_etal11,
   author = {{Gil-Mar{\'{\i}}n}, H. and {Jimenez}, R. and {Verde}, L.},
    title = "{A halo model with environment dependence: theoretical considerations}",
  journal = {\mnras},
archivePrefix = "arXiv",
   eprint = {1008.4583},
 primaryClass = "astro-ph.CO",
 keywords = {galaxies: haloes, cosmological parameters, cosmology: theory, large-scale structure of Universe},
     year = 2011,
    month = jun,
   volume = 414,
    pages = {1207-1226},
      doi = {10.1111/j.1365-2966.2011.18456.x},
   adsurl = {http://adsabs.harvard.edu/abs/2011MNRAS.414.1207G},
  adsnote = {Provided by the SAO/NASA Astrophysics Data System}
}

@ARTICLE{tempel_etal15,
   author = {{Tempel}, E. and {Guo}, Q. and {Kipper}, R. and {Libeskind}, N.~I.
	},
    title = "{The alignment of satellite galaxies and cosmic filaments: observations and simulations}",
  journal = {ArXiv e-prints},
archivePrefix = "arXiv",
   eprint = {1502.02046},
 keywords = {Astrophysics - Cosmology and Nongalactic Astrophysics},
     year = 2015,
    month = feb,
   adsurl = {http://adsabs.harvard.edu/abs/2015arXiv150202046T},
  adsnote = {Provided by the SAO/NASA Astrophysics Data System}
}

@ARTICLE{duffy_etal08,
   author = {{Duffy}, A.~R. and {Schaye}, J. and {Kay}, S.~T. and {Dalla Vecchia}, C.
	},
    title = "{Dark matter halo concentrations in the Wilkinson Microwave Anisotropy Probe year 5 cosmology}",
  journal = {\mnras},
archivePrefix = "arXiv",
   eprint = {0804.2486},
 keywords = {methods: N-body simulations, galaxies: clusters: general, galaxies: haloes, cosmological parameters, cosmology: theory, dark matter},
     year = 2008,
    month = oct,
   volume = 390,
    pages = {L64-L68},
      doi = {10.1111/j.1745-3933.2008.00537.x},
   adsurl = {http://adsabs.harvard.edu/abs/2008MNRAS.390L..64D},
  adsnote = {Provided by the SAO/NASA Astrophysics Data System}
}


@ARTICLE{harker_etal06,
   author = {{Harker}, G. and {Cole}, S. and {Helly}, J. and {Frenk}, C. and 
	{Jenkins}, A.},
    title = "{A marked correlation function analysis of halo formation times in the Millennium Simulation}",
  journal = {\mnras},
   eprint = {astro-ph/0510488},
 keywords = {galaxies: formation, galaxies: haloes, cosmology: theory, dark matter},
     year = 2006,
    month = apr,
   volume = 367,
    pages = {1039-1049},
      doi = {10.1111/j.1365-2966.2006.10022.x},
   adsurl = {http://adsabs.harvard.edu/abs/2006MNRAS.367.1039H},
  adsnote = {Provided by the SAO/NASA Astrophysics Data System}
}


@ARTICLE{sheth_tormen04,
   author = {{Sheth}, R.~K. and {Tormen}, G.},
    title = "{On the environmental dependence of halo formation}",
  journal = {\mnras},
   eprint = {astro-ph/0402237},
 keywords = {galaxies: clusters: general, cosmology: theory, dark matter},
     year = 2004,
    month = jun,
   volume = 350,
    pages = {1385-1390},
      doi = {10.1111/j.1365-2966.2004.07733.x},
   adsurl = {http://adsabs.harvard.edu/abs/2004MNRAS.350.1385S},
  adsnote = {Provided by the SAO/NASA Astrophysics Data System}
}
@ARTICLE{cooray_sheth02,
   author = {{Cooray}, A. and {Sheth}, R.},
    title = "{Halo models of large scale structure}",
  journal = {\physrep},
   eprint = {astro-ph/0206508},
     year = 2002,
    month = dec,
   volume = 372,
    pages = {1-129},
      doi = {10.1016/S0370-1573(02)00276-4},
   adsurl = {http://adsabs.harvard.edu/abs/2002PhR...372....1C},
  adsnote = {Provided by the SAO/NASA Astrophysics Data System}
}

@ARTICLE{bullock_etal02,
   author = {{Bullock}, J.~S. and {Wechsler}, R.~H. and {Somerville}, R.~S.
	},
    title = "{Galaxy halo occupation at high redshift}",
  journal = {\mnras},
   eprint = {astro-ph/0106293},
 keywords = {GALAXIES: FORMATION, GALAXIES: HALOES, GALAXIES: HIGH-REDSHIFT, COSMOLOGY: THEORY, DARK MATTER},
     year = 2002,
    month = jan,
   volume = 329,
    pages = {246-256},
      doi = {10.1046/j.1365-8711.2002.04959.x},
   adsurl = {http://adsabs.harvard.edu/abs/2002MNRAS.329..246B},
  adsnote = {Provided by the SAO/NASA Astrophysics Data System}
}

@ARTICLE{berlind_weinberg02,
   author = {{Berlind}, A.~A. and {Weinberg}, D.~H.},
    title = "{The Halo Occupation Distribution: Toward an Empirical Determination of the Relation between Galaxies and Mass}",
  journal = {\apj},
   eprint = {astro-ph/0109001},
 keywords = {Cosmology: Theory, Galaxies: Formation, Cosmology: Large-Scale Structure of Universe, Methods: n-Body Simulations},
     year = 2002,
    month = aug,
   volume = 575,
    pages = {587-616},
      doi = {10.1086/341469},
   adsurl = {http://adsabs.harvard.edu/abs/2002ApJ...575..587B},
  adsnote = {Provided by the SAO/NASA Astrophysics Data System}
}
@ARTICLE{scoccimarro_etal01,
   author = {{Scoccimarro}, R. and {Sheth}, R.~K. and {Hui}, L. and {Jain}, B.
	},
    title = "{How Many Galaxies Fit in a Halo? Constraints on Galaxy Formation Efficiency from Spatial Clustering}",
  journal = {\apj},
   eprint = {astro-ph/0006319},
 keywords = {Cosmology: Theory, Galaxies: Clusters: General, Cosmology: Large-Scale Structure of Universe},
     year = 2001,
    month = jan,
   volume = 546,
    pages = {20-34},
      doi = {10.1086/318261},
   adsurl = {http://adsabs.harvard.edu/abs/2001ApJ...546...20S},
  adsnote = {Provided by the SAO/NASA Astrophysics Data System}
}

@ARTICLE{peacock_smith00,
   author = {{Peacock}, J.~A. and {Smith}, R.~E.},
    title = "{Halo occupation numbers and galaxy bias}",
  journal = {\mnras},
   eprint = {astro-ph/0005010},
 keywords = {GALAXIES: CLUSTERS: GENERAL, COSMOLOGY: THEORY, LARGE-SCALE STRUCTURE OF UNIVERSE},
     year = 2000,
    month = nov,
   volume = 318,
    pages = {1144-1156},
      doi = {10.1046/j.1365-8711.2000.03779.x},
   adsurl = {http://adsabs.harvard.edu/abs/2000MNRAS.318.1144P},
  adsnote = {Provided by the SAO/NASA Astrophysics Data System}
}

@ARTICLE{seljak00,
   author = {{Seljak}, U.},
    title = "{Analytic model for galaxy and dark matter clustering}",
  journal = {\mnras},
   eprint = {astro-ph/0001493},
 keywords = {GALAXIES: CLUSTERS: GENERAL, COSMOLOGY: THEORY, DARK MATTER},
     year = 2000,
    month = oct,
   volume = 318,
    pages = {203-213},
      doi = {10.1046/j.1365-8711.2000.03715.x},
   adsurl = {http://adsabs.harvard.edu/abs/2000MNRAS.318..203S},
  adsnote = {Provided by the SAO/NASA Astrophysics Data System}
}

@ARTICLE{zentner07,
   author = {{Zentner}, A.~R.},
    title = "{The Excursion Set Theory of Halo Mass Functions, Halo Clustering, and Halo Growth}",
  journal = {International Journal of Modern Physics D},
   eprint = {astro-ph/0611454},
 keywords = {Dark matter, large-scale structure of the universe, galaxy formation, statistics},
     year = 2007,
   volume = 16,
    pages = {763-815},
      doi = {10.1142/S0218271807010511},
   adsurl = {http://adsabs.harvard.edu/abs/2007IJMPD..16..763Z},
  adsnote = {Provided by the SAO/NASA Astrophysics Data System}
}

@ARTICLE{somerville_kolatt99,
   author = {{Somerville}, R.~S. and {Kolatt}, T.~S.},
    title = "{How to plant a merger tree}",
  journal = {\mnras},
   eprint = {astro-ph/9711080},
 keywords = {GALAXIES: CLUSTERS: GENERAL, GALAXIES: FORMATION, COSMOLOGY: THEORY, DARK MATTER},
     year = 1999,
    month = may,
   volume = 305,
    pages = {1-14},
      doi = {10.1046/j.1365-8711.1999.02154.x},
   adsurl = {http://adsabs.harvard.edu/abs/1999MNRAS.305....1S},
  adsnote = {Provided by the SAO/NASA Astrophysics Data System}
}

@ARTICLE{lacey_cole93,
   author = {{Lacey}, C. and {Cole}, S.},
    title = "{Merger rates in hierarchical models of galaxy formation}",
  journal = {\mnras},
 keywords = {Astronomical Models, Galactic Evolution, Galactic Halos, Interacting Galaxies, Baryons, Dark Matter, Gravitational Effects, Monte Carlo Method},
     year = 1993,
    month = jun,
   volume = 262,
    pages = {627-649},
   adsurl = {http://adsabs.harvard.edu/abs/1993MNRAS.262..627L},
  adsnote = {Provided by the SAO/NASA Astrophysics Data System}
}

@ARTICLE{bond_etal91,
   author = {{Bond}, J.~R. and {Cole}, S. and {Efstathiou}, G. and {Kaiser}, N.
	},
    title = "{Excursion set mass functions for hierarchical Gaussian fluctuations}",
  journal = {\apj},
 keywords = {Computational Astrophysics, Gauss Equation, Dark Matter, Density Distribution, Many Body Problem, Mass Distribution, Monte Carlo Method},
     year = 1991,
    month = oct,
   volume = 379,
    pages = {440-460},
      doi = {10.1086/170520},
   adsurl = {http://adsabs.harvard.edu/abs/1991ApJ...379..440B},
  adsnote = {Provided by the SAO/NASA Astrophysics Data System}
}

@ARTICLE{white_rees78,
   author = {{White}, S.~D.~M. and {Rees}, M.~J.},
    title = "{Core condensation in heavy halos - A two-stage theory for galaxy formation and clustering}",
  journal = {\mnras},
 keywords = {Astronomical Models, Galactic Clusters, Galactic Evolution, Galactic Nuclei, Gravitational Effects, Halos, Critical Mass, Dark Matter, Dynamic Models, Interstellar Gas, Luminosity, Many Body Problem, Red Shift},
     year = 1978,
    month = may,
   volume = 183,
    pages = {341-358},
   adsurl = {http://adsabs.harvard.edu/abs/1978MNRAS.183..341W},
  adsnote = {Provided by the SAO/NASA Astrophysics Data System}
}

@ARTICLE{navarro_etal97,
   author = {{Navarro}, J.~F. and {Frenk}, C.~S. and {White}, S.~D.~M.},
    title = "{A Universal Density Profile from Hierarchical Clustering}",
  journal = {\apj},
   eprint = {astro-ph/9611107},
 keywords = {Cosmology: Theory, Cosmology: Dark Matter, Galaxies: Halos, Methods: Numerical},
     year = 1997,
    month = dec,
   volume = 490,
    pages = {493-508},
   adsurl = {http://adsabs.harvard.edu/abs/1997ApJ...490..493N},
  adsnote = {Provided by the SAO/NASA Astrophysics Data System}
}

@ARTICLE{behroozi_etal13a,
   author = {{Behroozi}, P.~S. and {Wechsler}, R.~H. and {Wu}, H.-Y.},
    title = "{The ROCKSTAR Phase-space Temporal Halo Finder and the Velocity Offsets of Cluster Cores}",
  journal = {\apj},
archivePrefix = "arXiv",
   eprint = {1110.4372},
 primaryClass = "astro-ph.CO",
 keywords = {dark matter, methods: numerical},
     year = 2013,
    month = jan,
   volume = 762,
      eid = {109},
    pages = {109},
      doi = {10.1088/0004-637X/762/2/109},
   adsurl = {http://adsabs.harvard.edu/abs/2013ApJ...762..109B},
  adsnote = {Provided by the SAO/NASA Astrophysics Data System}
}

@ARTICLE{wechsler_etal06,
   author = {{Wechsler}, R.~H. and {Zentner}, A.~R. and {Bullock}, J.~S. and 
	{Kravtsov}, A.~V. and {Allgood}, B.},
    title = "{The Dependence of Halo Clustering on Halo Formation History, Concentration, and Occupation}",
  journal = {\apj},
   eprint = {astro-ph/0512416},
 keywords = {Cosmology: Theory, Cosmology: Dark Matter, Galaxies: Formation, Galaxies: Halos, Cosmology: Large-Scale Structure of Universe, Methods: Numerical},
     year = 2006,
    month = nov,
   volume = 652,
    pages = {71-84},
      doi = {10.1086/507120},
   adsurl = {http://adsabs.harvard.edu/abs/2006ApJ...652...71W},
  adsnote = {Provided by the SAO/NASA Astrophysics Data System}
}
