%
@ARTICLE{allen_etal11_review,
   author = {{Allen}, S.~W. and {Evrard}, A.~E. and {Mantz}, A.~B.},
    title = "{Cosmological Parameters from Observations of Galaxy Clusters}",
  journal = {ARAA},
archivePrefix = "arXiv",
   eprint = {1103.4829},
 primaryClass = "astro-ph.CO",
     year = 2011,
    month = sep,
   volume = 49,
    pages = {409-470},
      doi = {10.1146/annurev-astro-081710-102514},
   adsurl = {http://adsabs.harvard.edu/abs/2011ARA%26A..49..409A},
  adsnote = {Provided by the SAO/NASA Astrophysics Data System}
}


@ARTICLE{tasitsiomi_etal04,
   author = {{Tasitsiomi}, A. and {Kravtsov}, A.~V. and {Wechsler}, R.~H. and 
	{Primack}, J.~R.},
    title = "{Modeling Galaxy-Mass Correlations in Dissipationless Simulations}",
  journal = {\apj},
   eprint = {arXiv:astro-ph/0404168},
 keywords = {Cosmology: Theory, Galaxies: Formation, Galaxies: Halos, Cosmology: Large-Scale Structure of Universe},
     year = 2004,
    month = oct,
   volume = 614,
    pages = {533-546},
      doi = {10.1086/423784},
   adsurl = {http://adsabs.harvard.edu/abs/2004ApJ...614..533T},
  adsnote = {Provided by the SAO/NASA Astrophysics Data System}
}



@ARTICLE{white_rees78,
   author = {{White}, S.~D.~M. and {Rees}, M.~J.},
    title = "{Core condensation in heavy halos - A two-stage theory for galaxy formation and clustering}",
  journal = {\mnras},
 keywords = {ASTRONOMICAL MODELS, GALACTIC CLUSTERS, GALACTIC EVOLUTION, GALACTIC NUCLEI, GRAVITATIONAL EFFECTS, HALOS, CRITICAL MASS, DARK MATTER, DYNAMIC MODELS, INTERSTELLAR GAS, LUMINOSITY, MANY BODY PROBLEM, RED SHIFT},
     year = 1978,
    month = may,
   volume = 183,
    pages = {341-358},
   adsurl = {http://adsabs.harvard.edu/abs/1978MNRAS.183..341W},
  adsnote = {Provided by the SAO/NASA Astrophysics Data System}
}

@ARTICLE{yang_etal05,
   author = {{Yang}, X. and {Mo}, H.~J. and {Jing}, Y.~P. and {van den Bosch}, F.~C.
	},
    title = "{Galaxy occupation statistics of dark matter haloes: observational results}",
  journal = {MNRAS},
   eprint = {arXiv:astro-ph/0410114},
 keywords = {methods: statistical, galaxies: haloes, dark matter, large-scale structure of the Universe},
     year = 2005,
    month = mar,
   volume = 358,
    pages = {217-232},
      doi = {10.1111/j.1365-2966.2005.08801.x},
   adsurl = {http://adsabs.harvard.edu/abs/2005MNRAS.358..217Y},
  adsnote = {Provided by the SAO/NASA Astrophysics Data System}
}
@ARTICLE{zandivarez_etal06,
   author = {{Zandivarez}, A. and {Mart{\'{\i}}nez}, H.~J. and {Merch{\'a}n}, M.~E.
	},
    title = "{On the Luminosity Function of Galaxies in Groups in the Sloan Digital Sky Survey}",
  journal = {ApJ},
   eprint = {arXiv:astro-ph/0602405},
 keywords = {Galaxies: Clusters: General, Galaxies: Luminosity Function, Mass Function, Galaxies: Statistics},
     year = 2006,
    month = oct,
   volume = 650,
    pages = {137-147},
      doi = {10.1086/503894},
   adsurl = {http://adsabs.harvard.edu/abs/2006ApJ...650..137Z},
  adsnote = {Provided by the SAO/NASA Astrophysics Data System}
}

@ARTICLE{rozo_etal09,
   author = {{Rozo}, E. and {Rykoff}, E.~S. and {Koester}, B.~P. and {McKay}, T. and 
	{Hao}, J. and {Evrard}, A. and {Wechsler}, R.~H. and {Hansen}, S. and 
	{Sheldon}, E. and {Johnston}, D. and {Becker}, M. and {Annis}, J. and 
	{Bleem}, L. and {Scranton}, R.},
    title = "{Improvement of the Richness Estimates of maxBCG Clusters}",
  journal = {ApJ},
 keywords = {cosmology: observations, methods: data analysis},
     year = 2009,
    month = sep,
   volume = 703,
    pages = {601-613},
      doi = {10.1088/0004-637X/703/1/601},
   adsurl = {http://adsabs.harvard.edu/abs/2009ApJ...703..601R},
  adsnote = {Provided by the SAO/NASA Astrophysics Data System}
}


@ARTICLE{robotham_etal06,
   author = {{Robotham}, A. and {Wallace}, C. and {Phillipps}, S. and {De Propris}, R.
	},
    title = "{Galaxy Luminosities in 2dF Percolation-Inferred Galaxy (2PIGG) Groups}",
  journal = {ApJ},
   eprint = {arXiv:astro-ph/0608027},
 keywords = {Galaxies: Clusters: General, Galaxies: Evolution, Galaxies: Formation, Galaxies: Luminosity Function, Mass Function},
     year = 2006,
    month = dec,
   volume = 652,
    pages = {1077-1084},
      doi = {10.1086/508130},
   adsurl = {http://adsabs.harvard.edu/abs/2006ApJ...652.1077R},
  adsnote = {Provided by the SAO/NASA Astrophysics Data System}
}

@ARTICLE{vale_ostriker06,
   author = {{Vale}, A. and {Ostriker}, J.~P.},
    title = "{The non-parametric model for linking galaxy luminosity with halo/subhalo mass}",
  journal = {MNRAS},
   eprint = {arXiv:astro-ph/0511816},
 keywords = {galaxies: haloes: cosmology: theory: dark matter: large-scale structure of Universe, galaxies: haloes, cosmology: theory, dark matter, large-scale structure of Universe},
     year = 2006,
    month = sep,
   volume = 371,
    pages = {1173-1187},
      doi = {10.1111/j.1365-2966.2006.10605.x},
   adsurl = {http://adsabs.harvard.edu/abs/2006MNRAS.371.1173V},
  adsnote = {Provided by the SAO/NASA Astrophysics Data System}
}

@ARTICLE{moster_etal10,
   author = {{Moster}, B.~P. and {Somerville}, R.~S. and {Maulbetsch}, C. and 
	{van den Bosch}, F.~C. and {Macci{\`o}}, A.~V. and {Naab}, T. and 
	{Oser}, L.},
    title = "{Constraints on the Relationship between Stellar Mass and Halo Mass at Low and High Redshift}",
  journal = {ApJ},
archivePrefix = "arXiv",
   eprint = {0903.4682},
 primaryClass = "astro-ph.CO",
 keywords = {cosmology: theory, dark matter, galaxies: clusters: general, galaxies: evolution, galaxies: halos, galaxies: high-redshift, galaxies: statistics, galaxies: stellar content, large-scale structure of universe},
     year = 2010,
    month = feb,
   volume = 710,
    pages = {903-923},
      doi = {10.1088/0004-637X/710/2/903},
   adsurl = {http://adsabs.harvard.edu/abs/2010ApJ...710..903M},
  adsnote = {Provided by the SAO/NASA Astrophysics Data System}
}

@ARTICLE{yang_etal09,
   author = {{Yang}, X. and {Mo}, H.~J. and {van den Bosch}, F.~C.},
    title = "{Galaxy Groups in the SDSS DR4. III. The Luminosity and Stellar Mass Functions}",
  journal = {ApJ},
archivePrefix = "arXiv",
   eprint = {0808.0539},
 keywords = {dark matter, galaxies: halos, large-scale structure of universe, methods: statistical},
     year = 2009,
    month = apr,
   volume = 695,
    pages = {900-916},
      doi = {10.1088/0004-637X/695/2/900},
   adsurl = {http://adsabs.harvard.edu/abs/2009ApJ...695..900Y},
  adsnote = {Provided by the SAO/NASA Astrophysics Data System}
}


@ARTICLE{skibba_etal07,
   author = {{Skibba}, R.~A. and {Sheth}, R.~K. and {Martino}, M.~C.},
    title = "{Satellite luminosities in galaxy groups}",
  journal = {MNRAS},
archivePrefix = "arXiv",
   eprint = {0707.3218},
 keywords = {methods: analytical, galaxies: formation, galaxies: haloes, dark matter, large-scale structure of Universe},
     year = 2007,
    month = dec,
   volume = 382,
    pages = {1940-1946},
      doi = {10.1111/j.1365-2966.2007.12504.x},
   adsurl = {http://adsabs.harvard.edu/abs/2007MNRAS.382.1940S},
  adsnote = {Provided by the SAO/NASA Astrophysics Data System}
}


%
@ARTICLE{becker_etal07,
   author = {{Becker}, M.~R. and {McKay}, T.~A. and {Koester}, B. and {Wechsler}, R.~H. and 
	{Rozo}, E. and {Evrard}, A. and {Johnston}, D. and {Sheldon}, E. and 
	{Annis}, J. and {Lau}, E. and {Nichol}, R. and {Miller}, C.},
    title = "{The Mean and Scatter of the Velocity Dispersion-Optical Richness Relation for maxBCG Galaxy Clusters}",
  journal = {ApJ},
archivePrefix = "arXiv",
   eprint = {0704.3614},
 keywords = {Cosmology: Observations, Galaxies: Clusters: General, Methods: Data Analysis},
     year = 2007,
    month = nov,
   volume = 669,
    pages = {905-928},
      doi = {10.1086/521920},
   adsurl = {http://adsabs.harvard.edu/abs/2007ApJ...669..905B},
  adsnote = {Provided by the SAO/NASA Astrophysics Data System}
}

@ARTICLE{miller_etal12,
   author = {{Miller}, E.~D. and {Rykoff}, E.~S. and {Dupke}, R.~A. and {Mendes de Oliveira}, C. and 
	{Lopes de Oliveira}, R. and {Proctor}, R.~N. and {Garmire}, G.~P. and 
	{Koester}, B.~P. and {McKay}, T.~A.},
    title = "{Finding Fossil Groups: Optical Identification and X-Ray Confirmation}",
  journal = {ApJ},
archivePrefix = "arXiv",
   eprint = {1109.4167},
 primaryClass = "astro-ph.CO",
 keywords = {galaxies: clusters: general, galaxies: clusters: intracluster medium, galaxies: groups: general, surveys, X-rays: galaxies: clusters },
     year = 2012,
    month = mar,
   volume = 747,
      eid = {94},
    pages = {94},
      doi = {10.1088/0004-637X/747/2/94},
   adsurl = {http://adsabs.harvard.edu/abs/2012ApJ...747...94M},
  adsnote = {Provided by the SAO/NASA Astrophysics Data System}
}

@ARTICLE{sales_etal07,
   author = {{Sales}, L.~V. and {Navarro}, J.~F. and {Lambas}, D.~G. and 
	{White}, S.~D.~M. and {Croton}, D.~J.},
    title = "{Satellite galaxies and fossil groups in the Millennium Simulation}",
  journal = {MNRAS},
archivePrefix = "arXiv",
   eprint = {0706.2009},
 keywords = {methods: statistical, galaxies: haloes, galaxies: kinematics and dynamics, dark matter},
     year = 2007,
    month = dec,
   volume = 382,
    pages = {1901-1916},
      doi = {10.1111/j.1365-2966.2007.12507.x},
   adsurl = {http://adsabs.harvard.edu/abs/2007MNRAS.382.1901S},
  adsnote = {Provided by the SAO/NASA Astrophysics Data System}
}

@ARTICLE{donghia_etal05,
   author = {{D'Onghia}, E. and {Sommer-Larsen}, J. and {Romeo}, A.~D. and 
	{Burkert}, A. and {Pedersen}, K. and {Portinari}, L. and {Rasmussen}, J.
	},
    title = "{The Formation of Fossil Galaxy Groups in the Hierarchical Universe}",
  journal = {ApJL},
   eprint = {arXiv:astro-ph/0505544},
 keywords = {Cosmology: Observations, Cosmology: Dark Matter, Galaxies: Clusters: General, Galaxies: Formation},
     year = 2005,
    month = sep,
   volume = 630,
    pages = {L109-L112},
      doi = {10.1086/491651},
   adsurl = {http://adsabs.harvard.edu/abs/2005ApJ...630L.109D},
  adsnote = {Provided by the SAO/NASA Astrophysics Data System}
}

@ARTICLE{donghia_etal07,
   author = {{D'Onghia}, E. and {Maccio'}, A.~V. and {Lake}, G. and {Stadel}, J. and 
	{Moore}, B.},
    title = "{Universal Substructure Distributions in LCDM halos: Can we find a Fossil Group?}",
  journal = {ArXiv e-prints},
archivePrefix = "arXiv",
   eprint = {0704.2604},
 keywords = {Astrophysics},
     year = 2007,
    month = apr,
   adsurl = {http://adsabs.harvard.edu/abs/2007arXiv0704.2604D},
  adsnote = {Provided by the SAO/NASA Astrophysics Data System}
}

@ARTICLE{sommerlarsen06,
   author = {{Sommer-Larsen}, J.},
    title = "{Properties of intra-group stars and galaxies in galaxy groups: `normal' versus `fossil' groups}",
  journal = {MNRAS},
   eprint = {arXiv:astro-ph/0509849},
 keywords = {cosmology: theory: galaxies: evolution: galaxies: formation, cosmology: theory, galaxies: evolution, galaxies: formation},
     year = 2006,
    month = jun,
   volume = 369,
    pages = {958-968},
      doi = {10.1111/j.1365-2966.2006.10352.x},
   adsurl = {http://adsabs.harvard.edu/abs/2006MNRAS.369..958S},
  adsnote = {Provided by the SAO/NASA Astrophysics Data System}
}

@ARTICLE{vandenbosch_etal07,
   author = {{van den Bosch}, F.~C. and {Yang}, X. and {Mo}, H.~J. and {Weinmann}, S.~M. and 
	{Macci{\`o}}, A.~V. and {More}, S. and {Cacciato}, M. and {Skibba}, R. and 
	{Kang}, X.},
    title = "{Towards a concordant model of halo occupation statistics}",
  journal = {MNRAS},
   eprint = {arXiv:astro-ph/0610686},
 keywords = {methods: statistical, galaxies: formation, galaxies: fundamental parameters, galaxies: haloes, cosmological parameters, dark matter},
     year = 2007,
    month = apr,
   volume = 376,
    pages = {841-860},
      doi = {10.1111/j.1365-2966.2007.11493.x},
   adsurl = {http://adsabs.harvard.edu/abs/2007MNRAS.376..841V},
  adsnote = {Provided by the SAO/NASA Astrophysics Data System}
}

@ARTICLE{milosavljevic_etal06,
   author = {{Milosavljevi{\'c}}, M. and {Miller}, C.~J. and {Furlanetto}, S.~R. and 
	{Cooray}, A.},
    title = "{Cluster Merger Variance and the Luminosity Gap Statistic}",
  journal = {ApJL},
   eprint = {arXiv:astro-ph/0509647},
 keywords = {Cosmology: Observations, Cosmology: Dark Matter, Galaxies: Clusters: General, Galaxies: Halos},
     year = 2006,
    month = jan,
   volume = 637,
    pages = {L9-L12},
      doi = {10.1086/500547},
   adsurl = {http://adsabs.harvard.edu/abs/2006ApJ...637L...9M},
  adsnote = {Provided by the SAO/NASA Astrophysics Data System}
}

@ARTICLE{vikhlinin_etal99,
   author = {{Vikhlinin}, A. and {McNamara}, B.~R. and {Hornstrup}, A. and 
	{Quintana}, H. and {Forman}, W. and {Jones}, C. and {Way}, M.
	},
    title = "{X-Ray Overluminous Elliptical Galaxies: A New Class of Mass Concentrations in the Universe?}",
  journal = {ApJL},
   eprint = {arXiv:astro-ph/9903052},
 keywords = {COSMOLOGY: OBSERVATIONS, COSMOLOGY: DARK MATTER, GALAXIES: CLUSTERS: GENERAL, X-RAYS: GALAXIES},
     year = 1999,
    month = jul,
   volume = 520,
    pages = {L1-L4},
      doi = {10.1086/312134},
   adsurl = {http://adsabs.harvard.edu/abs/1999ApJ...520L...1V},
  adsnote = {Provided by the SAO/NASA Astrophysics Data System}
}


@ARTICLE{dariush_etal07,
   author = {{Dariush}, A. and {Khosroshahi}, H.~G. and {Ponman}, T.~J. and 
	{Pearce}, F. and {Raychaudhury}, S. and {Hartley}, W.},
    title = "{The mass assembly of fossil groups of galaxies in the Millennium simulation}",
  journal = {MNRAS},
archivePrefix = "arXiv",
   eprint = {0708.2702},
 keywords = {hydrodynamics, methods: numerical, galaxies: formation, galaxies: kinematics and dynamics, cosmology: theory},
     year = 2007,
    month = nov,
   volume = 382,
    pages = {433-442},
      doi = {10.1111/j.1365-2966.2007.12385.x},
   adsurl = {http://adsabs.harvard.edu/abs/2007MNRAS.382..433D},
  adsnote = {Provided by the SAO/NASA Astrophysics Data System}
}


@ARTICLE{dariush_etal10,
   author = {{Dariush}, A.~A. and {Raychaudhury}, S. and {Ponman}, T.~J. and 
	{Khosroshahi}, H.~G. and {Benson}, A.~J. and {Bower}, R.~G. and 
	{Pearce}, F.},
    title = "{The mass assembly of galaxy groups and the evolution of the magnitude gap}",
  journal = {MNRAS},
archivePrefix = "arXiv",
   eprint = {1002.4414},
 primaryClass = "astro-ph.CO",
 keywords = {hydrodynamics, methods: numerical, galaxies: formation, galaxies: kinematics and dynamics, cosmology: theory},
     year = 2010,
    month = jul,
   volume = 405,
    pages = {1873-1887},
      doi = {10.1111/j.1365-2966.2010.16569.x},
   adsurl = {http://adsabs.harvard.edu/abs/2010MNRAS.405.1873D},
  adsnote = {Provided by the SAO/NASA Astrophysics Data System}
}

@ARTICLE{bernardi_etal10,
   author = {{Bernardi}, M. and {Shankar}, F. and {Hyde}, J.~B. and {Mei}, S. and 
	{Marulli}, F. and {Sheth}, R.~K.},
    title = "{Galaxy luminosities, stellar masses, sizes, velocity dispersions as a function of morphological type}",
  journal = {MNRAS},
archivePrefix = "arXiv",
   eprint = {0910.1093},
 primaryClass = "astro-ph.CO",
 keywords = {galaxies: formation, galaxies: haloes, dark matter, large-scale structure of Universe},
     year = 2010,
    month = jun,
   volume = 404,
    pages = {2087-2122},
      doi = {10.1111/j.1365-2966.2010.16425.x},
   adsurl = {http://adsabs.harvard.edu/abs/2010MNRAS.404.2087B},
  adsnote = {Provided by the SAO/NASA Astrophysics Data System}
}

@ARTICLE{connelly_etal12,
   author = {{Connelly}, J.~L. and {Wilman}, D.~J. and {Finoguenov}, A. and 
	{Hou}, A. and {Mulchaey}, J.~S. and {McGee}, S.~L. and {Balogh}, M.~L. and 
	{Parker}, L.~C. and {Saglia}, R. and {Henderson}, R.~D.~E. and 
	{Bower}, R.~G.},
    title = "{Exploring the Diversity of Groups at 0.1 {\lt} z {\lt} 0.8 with X-Ray and Optically Selected Samples}",
  journal = {ApJ},
archivePrefix = "arXiv",
   eprint = {1208.0344},
 primaryClass = "astro-ph.CO",
 keywords = {galaxies: groups: general, X-rays: galaxies: clusters},
     year = 2012,
    month = sep,
   volume = 756,
      eid = {139},
    pages = {139},
      doi = {10.1088/0004-637X/756/2/139},
   adsurl = {http://adsabs.harvard.edu/abs/2012ApJ...756..139C},
  adsnote = {Provided by the SAO/NASA Astrophysics Data System}
}

@ARTICLE{behroozi_etal12,
   author = {{Behroozi}, P.~S. and {Wechsler}, R.~H. and {Conroy}, C.},
    title = "{The Average Star Formation Histories of Galaxies in Dark Matter Halos from z=0-8}",
  journal = {arXiv:1207.6105},
archivePrefix = "arXiv",
   eprint = {1207.6105},
 primaryClass = "astro-ph.CO",
 keywords = {Astrophysics - Cosmology and Extragalactic Astrophysics},
     year = 2012,
    month = jul,
   adsurl = {http://adsabs.harvard.edu/abs/2012arXiv1207.6105B},
  adsnote = {Provided by the SAO/NASA Astrophysics Data System}
}

@ARTICLE{behroozi_etal10,
   author = {{Behroozi}, P.~S. and {Conroy}, C. and {Wechsler}, R.~H.},
    title = "{A Comprehensive Analysis of Uncertainties Affecting the Stellar Mass-Halo Mass Relation for 0 {\lt} z {\lt} 4}",
  journal = {ApJ},
archivePrefix = "arXiv",
   eprint = {1001.0015},
 primaryClass = "astro-ph.CO",
 keywords = {dark matter, galaxies: abundances, galaxies: evolution, galaxies: stellar content},
     year = 2010,
    month = jul,
   volume = 717,
    pages = {379-403},
      doi = {10.1088/0004-637X/717/1/379},
   adsurl = {http://adsabs.harvard.edu/abs/2010ApJ...717..379B},
  adsnote = {Provided by the SAO/NASA Astrophysics Data System}
}

%
@ARTICLE{wu_etal12,
   author = {{Wu},H.~Y. and {Hahn},O. and {Wechsler},R.~H. and {Mao},Y.~Y. and {Behroozi},P.~S.},
    title = "{Rhapsody: Halo and Subhalo Properties from a Statistical Sample of Simulated Massive Galaxy Clusters}",
  journal = {in prep.},
     year = 2012
}
%
@ARTICLE{hearin_etal12,
   author = {{Hearin}, A.~P. and {Zentner}, A.~R. and {Newman}, J.~A. and 
	{Berlind}, A.~A.},
    title = "{Mind the Gap: Tightening the Mass-Richness Relation with Magnitude Gaps}",
  journal = {ArXiv e-prints},
archivePrefix = "arXiv",
   eprint = {1207.1074},
 primaryClass = "astro-ph.CO",
 keywords = {Astrophysics - Cosmology and Extragalactic Astrophysics},
     year = 2012,
    month = jul,
   adsurl = {http://adsabs.harvard.edu/abs/2012arXiv1207.1074H},
  adsnote = {Provided by the SAO/NASA Astrophysics Data System}
}
%
@ARTICLE{more12,
   author = {{More}, S.},
    title = "{Magnitude Gap Statistics and the Conditional Luminosity Function}",
  journal = {ArXiv e-prints},
archivePrefix = "arXiv",
   eprint = {1207.5508},
 primaryClass = "astro-ph.CO",
 keywords = {Astrophysics - Cosmology and Extragalactic Astrophysics},
     year = 2012,
    month = jul,
   adsurl = {http://adsabs.harvard.edu/abs/2012arXiv1207.5508M},
  adsnote = {Provided by the SAO/NASA Astrophysics Data System}
}

@ARTICLE{berrier_etal11,
   author = {{Berrier}, H.~D. and {Barton}, E.~J. and {Berrier}, J.~C. and 
	{Bullock}, J.~S. and {Zentner}, A.~R. and {Wechsler}, R.~H.},
    title = "{Counts-in-cylinders in the Sloan Digital Sky Survey with Comparisons to N-body Simulations}",
  journal = {\apj},
archivePrefix = "arXiv",
   eprint = {1010.5518},
 primaryClass = "astro-ph.CO",
 keywords = {cosmology: theory, galaxies: evolution, galaxies: formation, galaxies: interactions, galaxies: statistics, large-scale structure of universe},
     year = 2011,
    month = jan,
   volume = 726,
      eid = {1},
    pages = {1},
      doi = {10.1088/0004-637X/726/1/1},
   adsurl = {http://adsabs.harvard.edu/abs/2011ApJ...726....1B},
  adsnote = {Provided by the SAO/NASA Astrophysics Data System}
}

@ARTICLE{blanton_etal05,
   author = {{Blanton}, M.~R. and {Lupton}, R.~H. and {Schlegel}, D.~J. and 
	{Strauss}, M.~A. and {Brinkmann}, J. and {Fukugita}, M. and 
	{Loveday}, J.},
    title = "{The Properties and Luminosity Function of Extremely Low Luminosity Galaxies}",
  journal = {ApJ},
   eprint = {arXiv:astro-ph/0410164},
 keywords = {Galaxies: Dwarf, Galaxies: Fundamental Parameters, Galaxies: Luminosity Function, Mass Function, Galaxies: Statistics},
     year = 2005,
    month = sep,
   volume = 631,
    pages = {208-230},
      doi = {10.1086/431416},
   adsurl = {http://adsabs.harvard.edu/abs/2005ApJ...631..208B},
  adsnote = {Provided by the SAO/NASA Astrophysics Data System}
}

@ARTICLE{tinker_etal11a,
   author = {{Tinker}, J. and {Wetzel}, A. and {Conroy}, C.},
    title = "{Are Halo and Galaxy Formation Histories Correlated?}",
  journal = {ArXiv e-prints},
archivePrefix = "arXiv",
   eprint = {1107.5046},
 primaryClass = "astro-ph.CO",
 keywords = {Astrophysics - Cosmology and Extragalactic Astrophysics},
     year = 2011,
    month = jul,
   adsurl = {http://adsabs.harvard.edu/abs/2011arXiv1107.5046T},
  adsnote = {Provided by the SAO/NASA Astrophysics Data System}
}

@ARTICLE{gerke_etal12,
   author = {{Gerke}, B.~F. and {Newman}, J.~A. and {Davis}, M. and {Coil}, A.~L. and 
	{Cooper}, M.~C. and {Dutton}, A.~A. and {Faber}, S.~M. and {Guhathakurta}, P. and 
	{Konidaris}, N. and {Koo}, D.~C. and {Lin}, L. and {Noeske}, K. and 
	{Phillips}, A.~C. and {Rosario}, D.~J. and {Weiner}, B.~J. and 
	{Willmer}, C.~N.~A. and {Yan}, R.},
    title = "{The DEEP2 Galaxy Redshift Survey: The Voronoi-Delaunay Method Catalog of Galaxy Groups}",
  journal = {ApJ},
archivePrefix = "arXiv",
   eprint = {1203.3899},
 primaryClass = "astro-ph.CO",
 keywords = {galaxies: clusters: general, galaxies: high-redshift},
     year = 2012,
    month = may,
   volume = 751,
      eid = {50},
    pages = {50},
      doi = {10.1088/0004-637X/751/1/50},
   adsurl = {http://adsabs.harvard.edu/abs/2012ApJ...751...50G},
  adsnote = {Provided by the SAO/NASA Astrophysics Data System}
}

@ARTICLE{guo_etal12,
   author = {{Guo}, H. and {Zehavi}, I. and {Zheng}, Z.},
    title = "{A New Method to Correct for Fiber Collisions in Galaxy Two-point Statistics}",
  journal = {ApJ},
archivePrefix = "arXiv",
   eprint = {1111.6598},
 primaryClass = "astro-ph.CO",
 keywords = {cosmology: observations, cosmology: theory, galaxies: distances and redshifts, galaxies: halos, galaxies: statistics, large-scale structure of Universe},
     year = 2012,
    month = sep,
   volume = 756,
      eid = {127},
    pages = {127},
      doi = {10.1088/0004-637X/756/2/127},
   adsurl = {http://adsabs.harvard.edu/abs/2012ApJ...756..127G},
  adsnote = {Provided by the SAO/NASA Astrophysics Data System}
}

@ARTICLE{conroy_wechsler09,
   author = {{Conroy}, C. and {Wechsler}, R.~H.},
    title = "{Connecting Galaxies, Halos, and Star Formation Rates Across Cosmic Time}",
  journal = {ApJ},
archivePrefix = "arXiv",
   eprint = {0805.3346},
 keywords = {cosmology: theory, dark matter, galaxies: formation, galaxies: halos, large-scale structure of universe},
     year = 2009,
    month = may,
   volume = 696,
    pages = {620-635},
      doi = {10.1088/0004-637X/696/1/620},
   adsurl = {http://adsabs.harvard.edu/abs/2009ApJ...696..620C},
  adsnote = {Provided by the SAO/NASA Astrophysics Data System}
}

%
@ARTICLE{simha_etal12,
   author = {{Simha}, V. and {Weinberg}, D.~H. and {Dav{\'e}}, R. and {Fardal}, M. and 
	{Katz}, N. and {Oppenheimer}, B.~D.},
    title = "{Testing subhalo abundance matching in cosmological smoothed particle hydrodynamics simulations}",
  journal = {\mnras},
 keywords = {methods: numerical, galaxies: evolution, galaxies: formation},
     year = 2012,
    month = jul,
   volume = 423,
    pages = {3458-3473},
      doi = {10.1111/j.1365-2966.2012.21142.x},
   adsurl = {http://adsabs.harvard.edu/abs/2012MNRAS.423.3458S},
  adsnote = {Provided by the SAO/NASA Astrophysics Data System}
}
%
%
@ARTICLE{watson_etal11,
   author = {{Watson}, D.~F. and {Berlind}, A.~A. and {Zentner}, A.~R.},
    title = "{Constraining Satellite Galaxy Stellar Mass Loss and Predicting Intrahalo Light. I. Framework and Results at Low Redshift}",
  journal = {\apj},
archivePrefix = "arXiv",
   eprint = {1201.2407},
 primaryClass = "astro-ph.CO",
 keywords = {cosmology: theory, dark matter, galaxies: halos, galaxies: structure, large-scale structure of Universe },
     year = 2012,
    month = aug,
   volume = 754,
      eid = {90},
    pages = {90},
      doi = {10.1088/0004-637X/754/2/90},
   adsurl = {http://adsabs.harvard.edu/abs/2012ApJ...754...90W},
  adsnote = {Provided by the SAO/NASA Astrophysics Data System}
}


%
@ARTICLE{behroozi_etal11,
   author = {{Behroozi}, P.~S. and {Wechsler}, R.~H. and {Wu}, H.-Y. and 
	{Busha}, M.~T. and {Klypin}, A.~A. and {Primack}, J.~R.},
    title = "{Gravitationally Consistent Halo Catalogs and Merger Trees for Precision Cosmology}",
  journal = {ArXiv:1110.4370},
archivePrefix = "arXiv",
   eprint = {1110.4370},
 primaryClass = "astro-ph.CO",
 keywords = {Astrophysics - Cosmology and Extragalactic Astrophysics, Astrophysics - Instrumentation and Methods for Astrophysics},
     year = 2011,
    month = oct,
   adsurl = {http://adsabs.harvard.edu/abs/2011arXiv1110.4370B},
  adsnote = {Provided by the SAO/NASA Astrophysics Data System}
}
%
@ARTICLE{behroozi_etal11b,
   author = {{Behroozi}, P.~S. and {Wechsler}, R.~H. and {Wu}, H.-Y.},
    title = "{The Rockstar Phase-Space Temporal Halo Finder and the Velocity Offsets of Cluster Cores}",
  journal = {ArXiv:1110.4372},
archivePrefix = "arXiv",
   eprint = {1110.4372},
 primaryClass = "astro-ph.CO",
 keywords = {Astrophysics - Cosmology and Extragalactic Astrophysics, Astrophysics - Instrumentation and Methods for Astrophysics},
     year = 2011,
    month = oct,
   adsurl = {http://adsabs.harvard.edu/abs/2011arXiv1110.4372B},
  adsnote = {Provided by the SAO/NASA Astrophysics Data System}
}
%
@ARTICLE{berlind_etal06,
   author = {{Berlind}, A.~A. and others},
    title = "{Percolation Galaxy Groups and Clusters in the SDSS Redshift Survey: Identification, Catalogs, and the Multiplicity Function}",
  journal = {ApJS},
   eprint = {arXiv:astro-ph/0601346},
 keywords = {Galaxies: Clusters: General, Cosmology: Large-Scale Structure of Universe},
     year = 2006,
    month = nov,
   volume = 167,
    pages = {1-25},
      doi = {10.1086/508170},
   adsurl = {http://adsabs.harvard.edu/abs/2006ApJS..167....1B},
  adsnote = {Provided by the SAO/NASA Astrophysics Data System}
}

@ARTICLE{conroy_etal06,
   author = {{Conroy}, C. and {Wechsler}, R.~H. and {Kravtsov}, A.~V.},
    title = "{Modeling Luminosity-dependent Galaxy Clustering through Cosmic Time}",
  journal = {ApJ},
   eprint = {arXiv:astro-ph/0512234},
 keywords = {Cosmology: Theory, Cosmology: Dark Matter, Galaxies: Clusters: General, Galaxies: Evolution, Galaxies: Halos, Cosmology: Large-Scale Structure of Universe},
     year = 2006,
    month = aug,
   volume = 647,
    pages = {201-214},
      doi = {10.1086/503602},
   adsurl = {http://adsabs.harvard.edu/abs/2006ApJ...647..201C},
  adsnote = {Provided by the SAO/NASA Astrophysics Data System}
}

@ARTICLE{diaz-gimenez_etal11,
   author = {{D{\'{\i}}az-Gim{\'e}nez}, E. and {Zandivarez}, A. and {Proctor}, R. and 
	{Mendes de Oliveira}, C. and {Abramo}, L.~R.},
    title = "{Fossil groups in the Millennium simulation. Their environment and its evolution}",
  journal = {AAP},
archivePrefix = "arXiv",
   eprint = {1012.5831},
 primaryClass = "astro-ph.CO",
 keywords = {methods: statistical, galaxies: clusters: general, galaxies: evolution},
     year = 2011,
    month = mar,
   volume = 527,
      eid = {A129},
    pages = {A129},
      doi = {10.1051/0004-6361/201015347},
   adsurl = {http://adsabs.harvard.edu/abs/2011A%26A...527A.129D},
  adsnote = {Provided by the SAO/NASA Astrophysics Data System}
}
%

@ARTICLE{harrison_etal12,
   author = {{Harrison}, C.~D. and {Miller}, C.~J. and {Richards}, J.~W. and 
	{Lloyd-Davies}, E.~J. and {Hoyle}, B. and {Romer}, A.~K. and 
	{Mehrtens}, N. and {Hilton}, M. and {Stott}, J.~P. and {Capozzi}, D. and 
	{Collins}, C.~A. and {Deadman}, P.-J. and {Liddle}, A.~R. and 
	{Sahl{\'e}n}, M. and {Stanford}, S.~A. and {Viana}, P.~T.~P.
	},
    title = "{The XMM Cluster Survey: The Stellar Mass Assembly of Fossil Galaxies}",
  journal = {ApJ},
archivePrefix = "arXiv",
   eprint = {1202.4450},
 primaryClass = "astro-ph.CO",
 keywords = {catalogs, galaxies: clusters: general, galaxies: evolution, galaxies: formation },
     year = 2012,
    month = jun,
   volume = 752,
      eid = {12},
    pages = {12},
      doi = {10.1088/0004-637X/752/1/12},
   adsurl = {http://adsabs.harvard.edu/abs/2012ApJ...752...12H},
  adsnote = {Provided by the SAO/NASA Astrophysics Data System}
}

@ARTICLE{miller_etal11,
   author = {{Miller}, E.~D. and {Rykoff}, E.~S. and {Dupke}, R.~A. and {Mendes de Oliveira}, C. and 
	{Lopes de Oliveira}, R. and {Proctor}, R.~N. and {Garmire}, G.~P. and 
	{Koester}, B.~P. and {McKay}, T.~A.},
    title = "{Finding Fossil Groups: Optical Identification and X-Ray Confirmation}",
  journal = {ApJ},
archivePrefix = "arXiv",
   eprint = {1109.4167},
 primaryClass = "astro-ph.CO",
 keywords = {galaxies: clusters: general, galaxies: clusters: intracluster medium, galaxies: groups: general, surveys, X-rays: galaxies: clusters },
     year = 2012,
    month = mar,
   volume = 747,
      eid = {94},
    pages = {94},
      doi = {10.1088/0004-637X/747/2/94},
   adsurl = {http://adsabs.harvard.edu/abs/2012ApJ...747...94M},
  adsnote = {Provided by the SAO/NASA Astrophysics Data System}
}

@ARTICLE{ponman94,
   author = {{Ponman}, T.~J. and {Allan}, D.~J. and {Jones}, L.~R. and {Merrifield}, M. and 
	{McHardy}, I.~M. and {Lehto}, H.~J. and {Luppino}, G.~A.},
    title = "{A possible fossil galaxy group}",
  journal = {Nature},
     year = 1994,
    month = jun,
   volume = 369,
    pages = {462-464},
      doi = {10.1038/369462a0},
   adsurl = {http://adsabs.harvard.edu/abs/1994Natur.369..462P},
  adsnote = {Provided by the SAO/NASA Astrophysics Data System}
}

@ARTICLE{labarbera_etal12,
   author = {{La Barbera}, F. and {Paolillo}, M. and {De Filippis}, E. and 
	{de Carvalho}, R.~R.},
    title = "{Characterizing the nature of fossil groups with XMM}",
  journal = {MNRAS},
archivePrefix = "arXiv",
   eprint = {1202.4804},
 primaryClass = "astro-ph.CO",
 keywords = {galaxies: evolution, galaxies: formation, galaxies: groups: general, X-rays: galaxies: clusters},
     year = 2012,
    month = jun,
   volume = 422,
    pages = {3010-3018},
      doi = {10.1111/j.1365-2966.2012.20793.x},
   adsurl = {http://adsabs.harvard.edu/abs/2012MNRAS.422.3010L},
  adsnote = {Provided by the SAO/NASA Astrophysics Data System}
}

%
@ARTICLE{gladders_etal07,
   author = {{Gladders}, M.~D. and {Yee}, H.~K.~C. and {Majumdar}, S. and 
	{Barrientos}, L.~F. and {Hoekstra}, H. and {Hall}, P.~B. and 
	{Infante}, L.},
    title = "{Cosmological Constraints from the Red-Sequence Cluster Survey}",
  journal = {ApJ},
   eprint = {arXiv:astro-ph/0603588},
 keywords = {Cosmology: Cosmological Parameters, Galaxies: Clusters: General, Methods: Data Analysis},
     year = 2007,
    month = jan,
   volume = 655,
    pages = {128-134},
      doi = {10.1086/509909},
   adsurl = {http://adsabs.harvard.edu/abs/2007ApJ...655..128G},
  adsnote = {Provided by the SAO/NASA Astrophysics Data System}
}
%
@ARTICLE{jones_etal03,
   author = {{Jones}, L.~R. and {Ponman}, T.~J. and {Horton}, A. and {Babul}, A. and 
	{Ebeling}, H. and {Burke}, D.~J.},
    title = "{The nature and space density of fossil groups of galaxies}",
  journal = {MNRAS},
   eprint = {arXiv:astro-ph/0304257},
 keywords = {galaxies: clusters: general, galaxies: elliptical and lenticular, cD, galaxies: general, X-rays: galaxies: clusters},
     year = 2003,
    month = aug,
   volume = 343,
    pages = {627-638},
      doi = {10.1046/j.1365-8711.2003.06702.x},
   adsurl = {http://adsabs.harvard.edu/abs/2003MNRAS.343..627J},
  adsnote = {Provided by the SAO/NASA Astrophysics Data System}
}
%
@ARTICLE{klypin_etal11,
   author = {{Klypin}, A.~A. and {Trujillo-Gomez}, S. and {Primack}, J.},
    title = "{Dark Matter Halos in the Standard Cosmological Model: Results from the Bolshoi Simulation}",
  journal = {ApJ},
archivePrefix = "arXiv",
   eprint = {1002.3660},
 primaryClass = "astro-ph.CO",
 keywords = {cosmology: theory, large-scale structure of universe, methods: numerical},
     year = 2011,
    month = oct,
   volume = 740,
      eid = {102},
    pages = {102},
      doi = {10.1088/0004-637X/740/2/102},
   adsurl = {http://adsabs.harvard.edu/abs/2011ApJ...740..102K},
  adsnote = {Provided by the SAO/NASA Astrophysics Data System}
}
%
@ARTICLE{kravtsov_etal04,
   author = {{Kravtsov}, A.~V. and {Berlind}, A.~A. and {Wechsler}, R.~H. and 
	{Klypin}, A.~A. and {Gottl{\"o}ber}, S. and {Allgood}, B. and 
	{Primack}, J.~R.},
    title = "{The Dark Side of the Halo Occupation Distribution}",
  journal = {ApJ},
   eprint = {arXiv:astro-ph/0308519},
 keywords = {Cosmology: Theory, Galaxies: Formation, Galaxies: Halos, Cosmology: Large-Scale Structure of Universe, Methods: Numerical},
     year = 2004,
    month = jul,
   volume = 609,
    pages = {35-49},
      doi = {10.1086/420959},
   adsurl = {http://adsabs.harvard.edu/abs/2004ApJ...609...35K},
  adsnote = {Provided by the SAO/NASA Astrophysics Data System}
}
%

@ARTICLE{newman_etal02,
   author = {{Newman}, J.~A. and {Marinoni}, C. and {Coil}, A.~L. and {Davis}, M.
	},
    title = "{Measuring the Cosmic Equation of State with Galaxy Clusters in the DEEP2 Redshift Survey}",
  journal = {PASP},
   eprint = {arXiv:astro-ph/0109131},
 keywords = {cosmological parameters, Cosmology: Observations, Galaxies: High-Redshift, Galaxies: Clusters: General},
     year = 2002,
    month = jan,
   volume = 114,
    pages = {29-34},
      doi = {10.1086/324784},
   adsurl = {http://adsabs.harvard.edu/abs/2002PASP..114...29N},
  adsnote = {Provided by the SAO/NASA Astrophysics Data System}
}

@ARTICLE{paranjape_sheth11,
   author = {{Paranjape}, A. and {Sheth}, R.~K.},
    title = "{The luminosities of the brightest cluster galaxies and brightest satellites in SDSS groups}",
  journal = {MNRAS},
archivePrefix = "arXiv",
   eprint = {1107.3652},
 primaryClass = "astro-ph.CO",
 keywords = {Astrophysics - Cosmology and Extragalactic Astrophysics},
     year = 2011,
    month = jul,
   adsurl = {http://adsabs.harvard.edu/abs/2011arXiv1107.3652P},
  adsnote = {Provided by the SAO/NASA Astrophysics Data System}
}
%
@ARTICLE{gladders_yee05,
   author = {{Gladders}, M.~D. and {Yee}, H.~K.~C.},
    title = "{The Red-Sequence Cluster Survey. I. The Survey and Cluster Catalogs for Patches RCS 0926+37 and RCS 1327+29}",
  journal = {\apjs},
   eprint = {arXiv:astro-ph/0411075},
 keywords = {Galaxies: Clusters: General, Methods: Statistical, Surveys},
     year = 2005,
    month = mar,
   volume = 157,
    pages = {1-29},
      doi = {10.1086/427327},
   adsurl = {http://adsabs.harvard.edu/abs/2005ApJS..157....1G},
  adsnote = {Provided by the SAO/NASA Astrophysics Data System}
}
%
@ARTICLE{rozo_etal09,
   author = {{Rozo}, E. and {Rykoff}, E.~S. and {Koester}, B.~P. and {McKay}, T. and 
	{Hao}, J. and {Evrard}, A. and {Wechsler}, R.~H. and {Hansen}, S. and 
	{Sheldon}, E. and {Johnston}, D. and {Becker}, M. and {Annis}, J. and 
	{Bleem}, L. and {Scranton}, R.},
    title = "{Improvement of the Richness Estimates of maxBCG Clusters}",
  journal = {\apj},
 keywords = {cosmology: observations, methods: data analysis},
     year = 2009,
    month = sep,
   volume = 703,
    pages = {601-613},
      doi = {10.1088/0004-637X/703/1/601},
   adsurl = {http://adsabs.harvard.edu/abs/2009ApJ...703..601R},
  adsnote = {Provided by the SAO/NASA Astrophysics Data System}
}
%
@ARTICLE{koester_etal07,
   author = {{Koester}, B.~P. and {McKay}, T.~A. and {Annis}, J. and {Wechsler}, R.~H. and 
	{Evrard}, A. and {Bleem}, L. and {Becker}, M. and {Johnston}, D. and 
	{Sheldon}, E. and others},
    title = "{A MaxBCG Catalog of 13,823 Galaxy Clusters from the Sloan Digital Sky Survey}",
  journal = {\apj},
   eprint = {arXiv:astro-ph/0701265},
 keywords = {Galaxies: Clusters: General},
     year = 2007,
    month = may,
   volume = 660,
    pages = {239-255},
      doi = {10.1086/509599},
   adsurl = {http://adsabs.harvard.edu/abs/2007ApJ...660..239K},
  adsnote = {Provided by the SAO/NASA Astrophysics Data System}
}

@ARTICLE{proctor_etal11,
   author = {{Proctor}, R.~N. and {de Oliveira}, C.~M. and {Dupke}, R. and 
	{de Oliveira}, R.~L. and {Cypriano}, E.~S. and {Miller}, E.~D. and 
	{Rykoff}, E.},
    title = "{On the mass-to-light ratios of fossil groups. Are they simply dark clusters?}",
  journal = {MNRAS},
archivePrefix = "arXiv",
   eprint = {1108.1349},
 primaryClass = "astro-ph.CO",
 keywords = {galaxies: clusters: general, galaxies: groups: general, X-rays: galaxies: clusters},
     year = 2011,
    month = dec,
   volume = 418,
    pages = {2054-2073},
      doi = {10.1111/j.1365-2966.2011.19625.x},
   adsurl = {http://adsabs.harvard.edu/abs/2011MNRAS.418.2054P},
  adsnote = {Provided by the SAO/NASA Astrophysics Data System}
}
%
@ARTICLE{reyes_etal08,
   author = {{Reyes}, R. and {Mandelbaum}, R. and {Hirata}, C. and {Bahcall}, N. and 
	{Seljak}, U.},
    title = "{Improved optical mass tracer for galaxy clusters calibrated using weak lensing measurements}",
  journal = {MNRAS},
archivePrefix = "arXiv",
   eprint = {0802.2365},
 keywords = {gravitational lensing , galaxies: clusters: general , cosmology: large scale structure of the Universe},
     year = 2008,
    month = nov,
   volume = 390,
    pages = {1157-1169},
      doi = {10.1111/j.1365-2966.2008.13818.x},
   adsurl = {http://adsabs.harvard.edu/abs/2008MNRAS.390.1157R},
  adsnote = {Provided by the SAO/NASA Astrophysics Data System}
}
@ARTICLE{riebe_etal11,
   author = {{Riebe}, K. and {Partl}, A.~M. and {Enke}, H. and {Forero-Romero}, J. and 
	{Gottloeber}, S. and {Klypin}, A. and {Lemson}, G. and {Prada}, F. and 
	{Primack}, J.~R. and {Steinmetz}, M. and {Turchaninov}, V.},
    title = "{The MultiDark Database: Release of the Bolshoi and MultiDark Cosmological Simulations}",
  journal = {ArXiv:1109.0003},
archivePrefix = "arXiv",
   eprint = {1109.0003},
 primaryClass = "astro-ph.CO",
 keywords = {Astrophysics - Cosmology and Extragalactic Astrophysics, Astrophysics - Instrumentation and Methods for Astrophysics, Computer Science - Databases},
     year = 2011,
    month = aug,
   adsurl = {http://adsabs.harvard.edu/abs/2011arXiv1109.0003R},
  adsnote = {Provided by the SAO/NASA Astrophysics Data System}
}
%
@ARTICLE{rozo_etal10,
   author = {{Rozo}, E. and {Wechsler}, R.~H. and {Rykoff}, E.~S. and {Annis}, J.~T. and 
	{Becker}, M.~R. and {Evrard}, A.~E. and {Frieman}, J.~A. and 
	{Hansen}, S.~M. and {Hao}, J. and {Johnston}, D.~E. and {Koester}, B.~P. and 
	{McKay}, T.~A. and {Sheldon}, E.~S. and {Weinberg}, D.~H.},
    title = "{Cosmological Constraints from the Sloan Digital Sky Survey maxBCG Cluster Catalog}",
  journal = {ApJ},
archivePrefix = "arXiv",
   eprint = {0902.3702},
 primaryClass = "astro-ph.CO",
 keywords = {cosmological parameters, cosmology: observations, large-scale structure of universe},
     year = 2010,
    month = jan,
   volume = 708,
    pages = {645-660},
      doi = {10.1088/0004-637X/708/1/645},
   adsurl = {http://adsabs.harvard.edu/abs/2010ApJ...708..645R},
  adsnote = {Provided by the SAO/NASA Astrophysics Data System}
}
%
@ARTICLE{rykoff_etal12,
   author = {{Rykoff}, E.~S. and {Koester}, B.~P. and {Rozo}, E. and {Annis}, J. and 
	{Evrard}, A.~E. and {Hansen}, S.~M. and {Hao}, J. and {Johnston}, D.~E. and 
	{McKay}, T.~A. and {Wechsler}, R.~H.},
    title = "{Robust Optical Richness Estimation with Reduced Scatter}",
  journal = {ApJ},
archivePrefix = "arXiv",
   eprint = {1104.2089},
 primaryClass = "astro-ph.CO",
 keywords = {galaxies: clusters: general, methods: data analysis, X-rays: galaxies: clusters},
     year = 2012,
    month = feb,
   volume = 746,
      eid = {178},
    pages = {178},
      doi = {10.1088/0004-637X/746/2/178},
   adsurl = {http://adsabs.harvard.edu/abs/2012ApJ...746..178R},
  adsnote = {Provided by the SAO/NASA Astrophysics Data System}
}
%
@ARTICLE{sdss_dr7,
   author = {{Abazajian}, K.~N. and {Adelman-McCarthy}, J.~K. and {Ag{\"u}eros}, M.~A. and 
	{Allam}, S.~S. and {Allende Prieto}, C. and {An}, D. and {Anderson}, K.~S.~J. and 
	{Anderson}, S.~F. and {Annis}, J. and {Bahcall}, N.~A. and et al.},
    title = "{The Seventh Data Release of the Sloan Digital Sky Survey}",
  journal = {ApJS},
archivePrefix = "arXiv",
   eprint = {0812.0649},
 keywords = {atlases, catalogs, surveys},
     year = 2009,
    month = jun,
   volume = 182,
      eid = {543},
    pages = {543-558},
      doi = {10.1088/0067-0049/182/2/543},
   adsurl = {http://adsabs.harvard.edu/abs/2009ApJS..182..543A},
  adsnote = {Provided by the SAO/NASA Astrophysics Data System}
}

@ARTICLE{tal_etal11,
   author = {{Tal}, T. and {Wake}, D.~A. and {van Dokkum}, P.~G. and {van den Bosch}, F.~C. and 
	{Schneider}, D.~P. and {Brinkmann}, J. and {Weaver}, B.~A.},
    title = "{Mass Growth and Mergers: Direct Observations of the Luminosity Function of LRG Satellite Galaxies Out to z = 0.7 from SDSS and BOSS Images}",
  journal = {ApJ},
archivePrefix = "arXiv",
   eprint = {1108.1392},
 primaryClass = "astro-ph.CO",
 keywords = {galaxies: elliptical and lenticular, cD, galaxies: evolution, galaxies: groups: general, galaxies: interactions },
     year = 2012,
    month = feb,
   volume = 746,
      eid = {138},
    pages = {138},
      doi = {10.1088/0004-637X/746/2/138},
   adsurl = {http://adsabs.harvard.edu/abs/2012ApJ...746..138T},
  adsnote = {Provided by the SAO/NASA Astrophysics Data System}
}
%
@ARTICLE{tinker_etal08,
   author = {{Tinker}, J. and {Kravtsov}, A.~V. and {Klypin}, A. and {Abazajian}, K. and 
	{Warren}, M. and {Yepes}, G. and {Gottl{\"o}ber}, S. and {Holz}, D.~E.
	},
    title = "{Toward a Halo Mass Function for Precision Cosmology: The Limits of Universality}",
  journal = {ApJ},
archivePrefix = "arXiv",
   eprint = {0803.2706},
 keywords = {Cosmology: Theory, Cosmology: Large-Scale Structure of Universe, Methods: Numerical},
     year = 2008,
    month = dec,
   volume = 688,
    pages = {709-728},
      doi = {10.1086/591439},
   adsurl = {http://adsabs.harvard.edu/abs/2008ApJ...688..709T},
  adsnote = {Provided by the SAO/NASA Astrophysics Data System}
}
%
@ARTICLE{trujillo-gomez_etal11,
   author = {{Trujillo-Gomez}, S. and {Klypin}, A. and {Primack}, J. and 
	{Romanowsky}, A.~J.},
    title = "{Galaxies in {$\Lambda$}CDM with Halo Abundance Matching: Luminosity-Velocity Relation, Baryonic Mass-Velocity Relation, Velocity Function, and Clustering}",
  journal = {ApJ},
archivePrefix = "arXiv",
   eprint = {1005.1289},
 primaryClass = "astro-ph.CO",
 keywords = {cosmology: theory, dark matter, galaxies: halos, galaxies: structure},
     year = 2011,
    month = nov,
   volume = 742,
      eid = {16},
    pages = {16},
      doi = {10.1088/0004-637X/742/1/16},
   adsurl = {http://adsabs.harvard.edu/abs/2011ApJ...742...16T},
  adsnote = {Provided by the SAO/NASA Astrophysics Data System}
}

@ARTICLE{vonbendabeckmann_etal08,
   author = {{von Benda-Beckmann}, A.~M. and {D'Onghia}, E. and {Gottl{\"o}ber}, S. and 
	{Hoeft}, M. and {Khalatyan}, A. and {Klypin}, A. and {M{\"u}ller}, V.
	},
    title = "{The fossil phase in the life of a galaxy group}",
  journal = {MNRAS},
archivePrefix = "arXiv",
   eprint = {0710.1297},
 keywords = {methods: N-body simulations , galaxies: clusters: general , galaxies: evolution , galaxies: formation , dark matter},
     year = 2008,
    month = jun,
   volume = 386,
    pages = {2345-2352},
      doi = {10.1111/j.1365-2966.2008.13221.x},
   adsurl = {http://adsabs.harvard.edu/abs/2008MNRAS.386.2345V},
  adsnote = {Provided by the SAO/NASA Astrophysics Data System}
}

@ARTICLE{reddick_etal12,
   author = {{Reddick}, R.~M. and {Wechsler}, R.~H. and {Tinker}, J.~L. and 
	{Behroozi}, P.~S.},
    title = "{The Connection between Galaxies and Dark Matter Structures in the Local Universe}",
  journal = {ArXiv e-prints},
archivePrefix = "arXiv",
   eprint = {1207.2160},
 primaryClass = "astro-ph.CO",
 keywords = {Astrophysics - Cosmology and Extragalactic Astrophysics},
     year = 2012,
    month = jul,
   adsurl = {http://adsabs.harvard.edu/abs/2012arXiv1207.2160R},
  adsnote = {Provided by the SAO/NASA Astrophysics Data System}
}


@ARTICLE{tavasoli_etal11,
   author = {{Tavasoli}, S. and {Khosroshahi}, H.~G. and {Koohpaee}, A. and 
	{Rahmani}, H. and {Ghanbari}, J.},
    title = "{A Statistical Study of the Luminosity Gap in Galaxy Groups}",
  journal = {PASP},
archivePrefix = "arXiv",
   eprint = {1012.4816},
 primaryClass = "astro-ph.CO",
     year = 2011,
    month = jan,
   volume = 123,
    pages = {1-13},
      doi = {10.1086/658122},
   adsurl = {http://adsabs.harvard.edu/abs/2011PASP..123....1T},
  adsnote = {Provided by the SAO/NASA Astrophysics Data System}
}


%
@ARTICLE{weinberg_etal12_review,
   author = {{Weinberg}, D.~H. and {Mortonson}, M.~J. and {Eisenstein}, D.~J. and 
	{Hirata}, C. and {Riess}, A.~G. and {Rozo}, E.},
    title = "{Observational Probes of Cosmic Acceleration}",
  journal = {ArXiv:1201.2434},
archivePrefix = "arXiv",
   eprint = {1201.2434},
 primaryClass = "astro-ph.CO",
 keywords = {Astrophysics - Cosmology and Extragalactic Astrophysics},
     year = 2012,
    month = jan,
   adsurl = {http://adsabs.harvard.edu/abs/2012arXiv1201.2434W},
  adsnote = {Provided by the SAO/NASA Astrophysics Data System}
}

@ARTICLE{yang_etal08,
   author = {{Yang}, X. and {Mo}, H.~J. and {van den Bosch}, F.~C.},
    title = "{Galaxy Groups in the SDSS DR4. II. Halo Occupation Statistics}",
  journal = {ApJ},
archivePrefix = "arXiv",
   eprint = {0710.5096},
 keywords = {Cosmology: Dark Matter, Galaxies: Halos, Cosmology: Large-Scale Structure of Universe, Methods: Statistical},
     year = 2008,
    month = mar,
   volume = 676,
    pages = {248-261},
      doi = {10.1086/528954},
   adsurl = {http://adsabs.harvard.edu/abs/2008ApJ...676..248Y},
  adsnote = {Provided by the SAO/NASA Astrophysics Data System}
}


%
@ARTICLE{zentner_etal05,
   author = {{Zentner}, A.~R. and {Berlind}, A.~A. and {Bullock}, J.~S. and 
	{Kravtsov}, A.~V. and {Wechsler}, R.~H.},
    title = "{The Physics of Galaxy Clustering. I. A Model for Subhalo Populations}",
  journal = {\apj},
   eprint = {arXiv:astro-ph/0411586},
 keywords = {Cosmology: Theory, Cosmology: Dark Matter, Galaxies: Formation, Galaxies: Halos, Galaxies: Structure, Cosmology: Large-Scale Structure of Universe},
     year = 2005,
    month = may,
   volume = 624,
    pages = {505-525},
      doi = {10.1086/428898},
   adsurl = {http://adsabs.harvard.edu/abs/2005ApJ...624..505Z},
  adsnote = {Provided by the SAO/NASA Astrophysics Data System}
}
